2020 3192
726 181 1085 230 PRAEFATIO.
1578 183 1727 228 XXXI

83 307 284 359 nullam
306 304 369 373 R,
406 306 496 373 qui
533 305 734 372 quaerit
769 304 904 358 ostia
932 303 1081 356 nulla
1103 302 1176 373 M,
1213 321 1258 370 q.
1282 304 1486 370 quaeris
1507 303 1727 357 hostiam

83 380 285 434 nullam
331 378 397 448 P,
448 380 495 432 si
545 379 751 446 qemeris
795 378 926 432 ostia
969 377 1119 430 mella
1173 376 1258 444 (ut
1296 378 1470 444 possis
1517 378 1727 431 caelitus

83 453 370 521 assumere)
422 452 467 504 P
519 452 578 504 in
632 470 740 505 exe.
785 478 860 488 ·—
919 468 967 503 v.
1022 451 1144 502 697.
1202 450 1420 503 abolitus
1471 468 1727 519 resumere

82 525 249 595 Lbeh,
287 526 504 579 abolitus
540 542 743 593 sumere
779 524 851 592 M,
889 523 1098 576 caelitus
1135 541 1401 592 assumere
1438 524 1481 576 P
1520 525 1578 577 in
1617 543 1726 577 exe.

85 601 149 653 ef.
187 619 234 652 v.
275 599 397 652 696.
449 628 513 636 —-
562 617 612 651 v.
651 599 774 651 698.
824 596 962 663 Quid
996 596 1061 666 P,
1110 596 1258 663 Quod
1292 596 1364 649 M.
1408 628 1472 634 —
1516 617 1564 650 v.
1606 599 1726 651 701.

82 676 142 727 de
177 690 268 726 suo
298 672 343 724 P
381 672 437 725 in
460 689 584 740 exe„
623 671 765 741 quod
802 689 901 739 pro
940 671 1000 723 de
1035 687 1088 723 se
1124 673 1286 739 poeta
1324 672 1621 739 usurpavit,
1661 673 1726 724 ef.

0 787 6 795 .
80 766 129 800 v.
167 745 298 799 335:
338 763 435 814 pro
474 745 696 814 nostris3
735 746 795 797 de
832 761 930 797 sua
965 742 1045 813 M,
1086 745 1146 796 de
1183 761 1235 797 se
1271 761 1369 797 sua
1405 743 1463 796 P.
1501 745 1558 796 in
1595 747 1725 797 text.

81 850 152 858 -—
192 839 240 872 v.
281 819 401 871 702.
438 819 772 885 manibusque
807 834 1001 886 semper
1037 834 1104 870 er.
1135 816 1200 886 R,
1237 834 1432 884 semper
1467 818 1726 871 manibus-

79 910 174 961 que
211 910 278 945 er.
316 891 388 945 M.
429 923 498 930 —
538 911 587 945 v.
629 893 749 945 708.
788 909 963 945 eorum
1000 890 1143 944 aitP
1182 891 1241 943 in
1281 909 1411 958 exe„
1450 892 1529 943 ait
1558 890 1630 944 M.
1656 922 1723 928 —

80 986 127 1020 v.
178 966 285 1019 714
332 984 443 1035 sqq.
490 981 604 1019 esse.
695 965 946 1019 Excludit
988 965 1156 1018 omnis
1201 982 1254 1018 se
1298 966 1490 1017 caritas
1537 966 1726 1031 [omnis

80 1040 306 1093 charitas
342 1038 422 1105 M]
462 1040 657 1092 crudele
694 1040 754 1092 de
791 1035 936 1103 nato,
985 1038 1091 1091 Nee
1132 1039 1265 1104 facit
1307 1038 1534 1091 heredem
1572 1039 1725 1091 illum

80 1130 143 1166 ex
193 1130 305 1166 asse
355 1130 578 1166 suorum.
679 1113 838 1179 Quem
889 1113 937 1165 si
978 1113 1134 1179 prius
1183 1113 1372 1178 poterit
1421 1129 1724 1177 consumere,

74 1188 264 1255 qaudet
299 1187 357 1238 in
395 1186 545 1238 illum
585 1186 756 1252 [illam
793 1185 871 1249 M]
912 1185 1145 1252 Impium
1183 1189 1231 1237 et
1266 1202 1472 1238 saevum
1510 1186 1725 1238 sobolem

0 1282 7 1286 >
78 1261 235 1313 reisve
287 1260 382 1325 [rei
433 1276 557 1312 suae
607 1256 685 1330 M]
743 1263 1051 1327 tyrannum;
1115 1259 1224 1312 Nee
1276 1259 1476 1312 obvium
1519 1261 1727 1327 patitur

73 1334 272 1402 yenitor
309 1337 583 1386 commotus
621 1333 686 1386 ab
724 1333 830 1385 illo.
896 1331 982 1384 Ex
1022 1332 1256 1385 dictione
1296 1334 1462 1385 omnis
1500 1331 1725 1403 (patria)

0 1458 2 1463 ,
78 1408 275 1460 caritas
311 1409 523 1474 repetas
549 1406 847 1459 subiectum
872 1404 1078 1474 ‘pater'‚
1118 1424 1223 1475 quo
1249 1406 1472 1458 verbum
1495 1406 1725 1459 faciendi

78 1478 151 1551 (v.
177 1477 308 1549 716)
342 1482 510 1548 earet3
549 1497 610 1531 ae
648 1498 696 1532 v.
732 1480 835 1532 717
870 1497 947 1548 sq.
985 1479 1148 1531 velim
1187 1480 1261 1531 sie
1300 1483 1503 1537 vertas:
1545 1479 1726 1532 Wenn

80 1572 137 1606 er
184 1554 299 1605 sein
337 1551 646 1622 Vermbgen
683 1552 816 1605 wird
854 1552 1039 1604 friiher
1090 1552 1187 1604 auf
1191 1553 1458 1605 brauehen
1494 1554 1725 1622 konnen,

80 1645 139 1679 so
178 1627 250 1678 ist
289 1643 345 1677 es
383 1626 496 1677 ihm
536 1626 656 1678 dem
683 1624 861 1679 Sohne
900 1626 1229 1695 gegem'iber,
1269 1626 1362 1678 der
1401 1627 1571 1679 selbst
1599 1627 1726 1679 hart

78 1699 186 1752 und
233 1715 406 1768 gegen
452 1696 750 1752 Schuldner
795 1699 881 1751 ein
927 1699 1148 1768 Tyrann
1197 1700 1291 1768 ist,
1346 1700 1464 1752 eine
1511 1699 1723 1770 Genug-

77 1773 300 1841 thuung.
385 1789 512 1825 esse:
560 1771 632 1843 (v.
681 1770 810 1842 715)
855 1773 1106 1826 Excludit
1129 1814 1141 1826 .
1165 1814 1176 1825 .
1202 1814 1213 1825 .
1238 1813 1250 1825 .
1274 1778 1418 1842 πατο,
1470 1772 1540 1843 (v.
1592 1773 1722 1842 716)

0 1860 9 1930 ἱ
77 1847 184 1900 Nee
207 1887 218 1898 .
243 1886 255 1899 .
280 1886 292 1898 .
315 1862 539 1898 suorum.
579 1843 650 1916 (v.
692 1844 821 1917 717)
862 1846 1020 1913 Quem
1045 1888 1055 1898 .
1081 1887 1093 1899 .
1118 1887 1130 1899 .
1153 1847 1305 1900 illum
1343 1844 1423 1916 (v.
1462 1845 1592 1918 718)
1615 1847 1724 1899 Im-

10 1926 14 1930 '
69 1922 220 1988 piam
260 1923 307 1971 et
342 1936 545 1972 saevam
582 1919 798 1972 sobolem
841 1921 918 1972 rei
960 1937 1084 1973 suae
1122 1925 1423 1989 tyrannum,
1478 1918 1549 1990 (v.
1594 1919 1722 1991 719)

0 2004 2 2009 ’
78 1994 185 2046 Nee
237 1992 435 2045 obviam
473 2034 486 2045 .
526 2032 539 2044 .
575 1993 640 2045 ab
692 1993 825 2045 illa?
879 1992 946 2061 Ρ,
998 1993 1141 2046 idem
1194 2013 1242 2046 v.
1299 1994 1428 2047 715:
1473 1995 1726 2047 Exeludz‘t

78 2083 222 2119 omne
259 2065 504 2129 charita-5,
551 2085 600 2118 v.
641 2066 771 2119 718:
819 2067 975 2119 reisve
1021 2071 1302 2134 tyrannum
1339 2067 1398 2119 in
1438 2067 1559 2119 adn.
1599 2085 1722 2119 eon-

76 2139 203 2192 ieeit
256 2141 309 2190 et
353 2157 400 2191 v.
450 2139 555 2192 716
597 2157 675 2208 sq.
738 2156 971 2204 suorum,
1027 2140 1167 2206 Quae
1219 2141 1277 2192 in
1331 2158 1441 2194 exc.
1493 2140 1720 2208 scripsit.

0 2210 11 2296 ᾖ
75 2213 325 2265 Exel‘eedit
360 2213 536 2264 omnia
561 2253 571 2263 .
598 2253 609 2264 .
635 2254 646 2265 .
670 2230 793 2266 suae
829 2214 906 2265 rei
945 2218 1197 2281 tyrannus
1234 2212 1386 2266 Lbeh
1422 2214 1718 2282 proposuit.

0 2297 12 2354 ᾗ
75 2284 409 2339 Roensehius
458 2285 686 2355 denique
733 2305 782 2339 v.
824 2285 929 2340 715
983 2287 1040 2338 in
1086 2287 1403 2359 parenthesi
1458 2287 1719 2340 collocato

75 2379 123 2412 v.
164 2360 271 2412 714
309 2377 430 2412 eum
475 2378 522 2412 V.
564 2360 669 2412 716
710 2360 1011 2428 coniunxit3
1060 2363 1339 2428 praeterea
1376 2379 1424 2412 v.
1466 2360 1573 2414 715
1610 2361 1719 2413 Ex-

16 2475 23 2488 .
75 2433 313 2501 cluditur,
350 2451 398 2485 v.
441 2433 545 2485 716
586 2451 663 2502 sq.
700 2450 932 2502 suorum,
982 2434 1139 2500 Quem
1162 2475 1174 2487 .
1201 2476 1212 2486 .
1238 2475 1250 2485 .
1270 2435 1459 2502 ,qaudet
1502 2435 1560 2487 in
1599 2435 1718 2487 illis.

0 2545 10 2555 .
74 2506 308 2574 Impium
332 2547 344 2558 .
369 2547 380 2558 .
407 2548 418 2559 .
443 2511 725 2574 tyrannum
757 2507 865 2560 Neo
895 2507 1096 2560 obvium
1121 2550 1131 2560 .
1158 2548 1170 2560 .
1196 2549 1206 2559 .
1230 2508 1295 2560 ab
1325 2507 1455 2560 illo?
1489 2507 1719 2575 scripsit.

0 2574 9 2593 ²
77 2609 147 2617 —-
194 2599 242 2633 v.
290 2581 319 2633 7
325 2579 411 2633 20.
464 2580 571 2633 sint
620 2580 880 2634 adhortati
923 2580 1002 2649 M,
1062 2582 1169 2634 sint
1211 2582 1446 2634 indurati
1489 2580 1561 2651 Β,
1610 2579 1718 2633 ‘ad-

74 2651 295 2706 hortati'
349 2653 556 2706 formae
606 2654 758 2707 notio
803 2655 1018 2724 passiva
1075 2655 1241 2723 inest,
1294 2654 1358 2707 ef.
1413 2654 1720 2707 exhortavit

75 2724 290 2779 Petron.
332 2727 399 2779 76
440 2730 553 2794 ete„
591 2746 639 2780 v.
678 2726 829 2780 Neue
867 2727 922 2780 H
959 2747 1010 2797 p.
1035 2728 1143 2781 290
1184 2747 1275 2797 sq„
1314 2727 1379 2780 It.
1417 2747 1467 2796 p.
1500 2728 1621 2781 297.
1650 2758 1712 2765 -

76 2817 123 2851 V.
177 2799 296 2851 725.
346 2801 447 2865 filii
501 2798 604 2871 (M)
661 2801 990 2870 disyllabum
1044 2805 1148 2869 est,
1203 2801 1270 2854 ef.
1323 2820 1408 2870 ea,
1463 2819 1596 2871 quae
1652 2802 1717 2852 ad

0 2868 18 2998 ῑε,
