2020 3192
222 169 291 222 38

219 287 392 332 icere*
423 287 575 331 tollere
609 292 707 331 160.

219 346 412 400 ignitus
422 345 446 373 ’¹‘
465 350 571 390 745:
590 347 1015 403 cruciatusignitos.

219 405 422 459 ignotus
454 406 627 449 inscius
659 410 727 449 16.

219 465 403 520 imago,
437 464 521 507 sub
553 463 757 521 imagine
789 464 884 507 alcs
916 463 1018 520 pati

219 581 479 637 imponere
503 580 662 624 inferis
687 581 889 625 animam
915 586 1014 625 440.

218 640 273 684 in
295 651 398 683 cum
414 642 673 684 accusativo
693 654 779 696 pro
796 642 996 684 ablativo
1005 658 1019 683 .-

249 714 392 742 unum
422 699 470 742 in
493 699 643 743 Deum
674 714 773 744 esse
807 703 904 743 187.
931 699 1020 744 erit

249 757 298 801 in
340 771 503 814 pacem
543 763 642 802 472.
684 758 746 803 311,
790 759 839 802 111
884 758 1018 802 11111111

249 821 349 861 488.
397 816 447 860 in
488 817 640 861 stadia
684 831 781 861 esse
822 822 921 861 263.
969 817 1018 860 in

246 875 404 932 ignem
436 875 653 932 adparuit
679 881 774 920 119.
800 876 849 919 in
880 875 1018 919 infer-

249 949 362 977 num
392 948 486 978 non
516 935 808 990 derelinques
839 939 940 978 443.

219 991 274 1036 in
306 1007 341 1036 c.
375 994 462 1036 abl.
496 1007 587 1048 pro
627 995 909 1037 accusativo:
947 993 1017 1036 in-

249 1052 445 1095 duxerat
459 1051 510 1094 in
531 1053 656 1096 berra
671 1052 899 1109 promissa
919 1057 1014 1096 197.

247 1110 504 1166 prosilisset
540 1111 590 1154 in
620 1124 742 1155 nova
779 1112 883 1168 lege
916 1115 1016 1155 283.

247 1169 376 1212 ducti
407 1171 514 1213 sunt
552 1169 602 1213 in
633 1184 786 1214 errore
818 1170 1017 1214 nefando

248 1232 348 1271 495.
388 1241 578 1272 manum
615 1229 665 1272 in
702 1227 861 1272 latere
889 1228 1019 1272 misit

249 1292 348 1331 562.
365 1287 546 1331 venerit
568 1288 617 1331 in
642 1301 721 1332 ore
739 1292 837 1331 590.
862 1288 1018 1331 11111513-

245 1347 323 1389 tur
367 1345 417 1388 in
461 1345 570 1402 igne
609 1347 878 1402 proiectus*
918 1351 1018 1390 744.

247 1404 297 1447 in
319 1404 457 1448 terris
481 1404 610 1448 venit
628 1410 724 1449 774.
752 1405 1020 1449 discendere

247 1463 296 1506 in
328 1463 552 1520 sanguine
586 1469 684 1508 749.
716 1464 766 1507 in
797 1464 1021 1521 sanguine

247 1524 428 1566 vertere
469 1526 568 1566 837.
616 1523 665 1566 in
711 1523 825 1567 urbe
870 1523 1021 1567 redire

249 1586 345 1625 907.
378 1581 428 1624 in
466 1582 569 1625 loco
608 1581 883 1639 rediguntur
918 1587 1016 1626 981.

247 1639 426 1684 intrant
453 1639 504 1683 in
527 1641 710 1684 colonia
733 1642 895 1685 saneta
919 1644 1019 1684 982.

248 1698 297 1741 in
328 1698 493 1742 umbra
517 1698 654 1754 rapi*
682 1704 808 1743 1019.
840 1699 890 1742 111
920 1714 1019 1742 um-

248 1757 334 1800 bra
349 1756 478 1801 abire
498 1761 625 1801 1048.
643 1758 800 1814 pergit
823 1757 871 1800 in
895 1759 1021 1801 terra,

248 1816 420 1859 Iudaea
445 1821 542 1860 920.
574 1818 784 1873 repetere
816 1816 866 1860 in
895 1818 1021 1860 terra,

249 1875 421 1918 Iudaea.
453 1880 551 1918 953.

219 1932 420 1977 inanire
453 1939 551 1977 312.

219 1991 479 2036 incantare
512 1993 680 2037 herbas
713 1998 752 2037 8.

219 2050 487 2095 incendere
521 2065 554 2095 c.
588 2053 673 2106 inf.
709 2056 809 2096 842.

219 2109 504 2154 incrassare
545 2115 651 2164 396,
693 2111 750 2165 cf.
793 2111 934 2154 Instr.
980 2116 1019 2165 1,

250 2173 320 2223 38,
355 2174 395 2212 3.

220 2226 512 2272 incredulus
545 2233 645 2273 426.

219 2287 501 2330 indicativus
530 2288 584 2330 in
613 2300 811 2331 sermone
842 2287 1021 2344 obliquo

243 2346 446 2400 positas:
472 2345 593 2398 Quid
609 2346 734 2389 Deus
756 2345 870 2390 fecii,
891 2345 1021 2402 Moy-

252 2417 324 2447 ses
363 2404 521 2448 docuit
561 2408 630 2448 59.
701 2405 740 2448 si
780 2407 888 2448 311111,
923 2404 1023 2448 veri

250 2463 500 2518 probemus
542 2467 640 2507 487.
711 2463 912 2518 qualiter
953 2476 1022 2506 re-

252 2522 451 2587 surrexit
496 2521 654 2566 nolzavi
709 2526 808 2565 545.
884 2521 1021 2565 remi-

252 2579 432 2623 niscens
479 2580 591 2636 quid
636 2580 726 2624 fuit
772 2581 880 2624 ante
921 2583 1020 2623 787.

752 170 943 214 INDEX
976 169 1326 215 VERBORUM.

1062 287 1267 342 indigne
1299 288 1500 344 perferre
1535 293 1632 334 159.

1062 347 1475 404 indisciplinatus
1511 352 1594 391 754
1626 349 1681 403 cf.
1716 349 1861 394 Instr.

1091 410 1134 459 1,
1159 410 1234 459 30,
1257 411 1327 450 11.
1355 412 1395 460 2,
1419 411 1494 459 15,
1517 411 1593 451 21.
1619 411 1663 461 3,
1687 411 1760 461 34,
1783 412 1861 453 20.

1062 463 1326 523 indocilis,
1359 479 1504 522 genus
1536 465 1738 510 indocile
1763 471 1861 510 171.

1063 523 1303 568 indurare
1344 529 1446 567 470.
1488 529 1586 569 707.
1628 530 1726 569 860.
1762 530 1861 570 861.

1093 582 1149 636 cf.
1183 583 1327 626 Instr.
1361 587 1410 636 1,
1442 587 1524 635 40,
1555 587 1624 627 11.

1063 640 1310 686 infamare
1342 647 1442 686 384.
1475 647 1574 686 436.
1609 647 1708 686 473.

1063 699 1317 745 infatuare
1350 705 1448 744 523.
1482 705 1581 746 670.
1617 706 1715 744 771.

1063 758 1295 804 infernus
1335 761 1546 805 diabolus
1587 764 1685 804 310.
1720 784 1775 793 —
1807 773 1864 804 ex

1092 817 1272 862 inferno
1296 832 1541 875 resurgens
1567 823 1666 863 358.
1724 818 1774 862 in
1795 818 1863 862 in·

1093 876 1274 919 fernum
1306 877 1598 932 derelinques
1638 882 1739 920 443.
1802 877 1861 920 ab

1093 934 1273 979 inferno
1328 934 1472 980 levati
1522 940 1620 978 792.
1697 935 1747 978 in
1796 934 1864 978 in-

1091 993 1221 1037 ferno
1255 996 1518 1037 cremantur
1550 999 1679 1038 1046.

1063 1051 1288 1108 inferus,
1321 1067 1376 1096 ex
1407 1053 1554 1096 infero
1586 1052 1736 1096 redire
1760 1055 1860 1099 818.

1064 1111 1325 1165 infinitivus
1351 1125 1442 1167 pro
1474 1116 1549 1154 ut.-
1580 1111 1750 1168 agonia
1780 1110 1865 1154 im-

1093 1168 1241 1212 mittit
1302 1170 1579 1226 spectaculis
1640 1169 1708 1214 ire
1762 1174 1862 1214 209.

1093 1228 1309 1285 genizibus
1352 1242 1453 1273 esse
1497 1228 1722 1285 praefecit
1762 1233 1863 1272 263.

1093 1287 1347 1330 incendunt
1359 1289 1572 1331 senatum
1590 1299 1865 1343 consurgere

1097 1350 1198 1390 842.
1230 1359 1536 1402 provocamur
1560 1346 1745 1390 eredere
1762 1350 1864 1389 759.

1066 1408 1328 1518 ..²523ssssssssssssss
1342 1404 1708 1519 3333‘32325.
1725 1405 1864 1516 Zssssfl

1095 1522 1328 1578 promittib
1365 1522 1522 1566 vivere
1554 1535 1736 1578 semper
1766 1525 1864 1565 756.

1096 1582 1267 1638 putant
1295 1581 1480 1637 placere
1514 1586 1614 1625 762.
1674 1580 1865 1637 pollice-

1096 1643 1173 1682 1-,111
1233 1640 1425 1683 reddere
1481 1645 1580 1683 781.
1649 1639 1867 1683 adfirmat

1096 1697 1244 1741 filium
1284 1711 1384 1742 esse
1416 1701 1516 1741 482.
1578 1697 1646 1740 ire
1676 1695 1867 1753 negavit

1064 1816 1324 1870 infinitivus
1355 1815 1610 1870 praesentis
1644 1827 1731 1869 pro
1761 1814 1864 1868 infi-

1095 1875 1239 1917 nitivo
1262 1874 1438 1928 futuri·
1460 1873 1693 1929 promittit
1709 1871 1865 1915 vivere

1097 1937 1194 1977 756.
1242 1933 1515 1989 exspectans
1541 1944 1741 1975 crescere
1766 1934 1865 1976 779.

1095 1991 1343 2048 pollicetur
1373 1991 1564 2035 reddere
1599 1994 1681 2034 781
1715 1993 1790 2032 etc.

1066 2050 1329 2103 inlibatus,
1361 2049 1559 2093 inlibalzo
1584 2061 1777 2105 corpore
1800 2047 1866 2090 vi-

1094 2123 1201 2152 vere
1234 2114 1334 2152 946.

1065 2166 1346 2212 innocuus*
1382 2172 1481 2211 540.

1066 2227 1235 2281 inquit
1273 2230 1385 2270 orat.
1428 2225 1728 2281 antepositum
1766 2227 1866 2267 373.

1067 2320 1293 2387 insanire
1325 2356 1359 2386 c.
1393 2342 1479 2395 inf.
1515 2345 1612 2384 655.

1068 2402 1338 2468 insignus,
1351 2414 1380 2444 a
1424 2414 1516 2453 um,
1542 2412 1632 2454 pro
1655 2398 1867 2454 insiynis,

1098 2475 1141 2503 e:
1170 2459 1342 2515 insigni
1372 2471 1505 2514 reges
1532 2462 1614 2502 707
1641 2458 1695 2511 cf.
1714 2457 1866 2511 praef.

1069 2518 1348 2574 inspiratus
1381 2521 1480 2560 477.

1068 2577 1323 2632 intimare,
1356 2575 1574 2618 nuntiam
1598 2578 1684 2617 515
1718 2573 1774 2628 cf.
1802 2573 1864 2616 It.

251 2639 506 2694 prophetae
552 2638 728 2695 dicent,
783 2637 865 2694 qui
918 2640 1026 2682 sunt
1101 2640 1198 2679 173.

252 2695 339 2740 Dei
371 2697 502 2763 digni
534 2698 768 2742 caelorum
801 2699 885 2741 etc.
921 2701 1021 2740 664.

253 2755 451 2811 accipite
489 2755 657 2811 quibus
690 2757 808 2800 actis
839 2755 923 2799 illa
955 2769 1020 2799 se-

254 2816 454 2870 quentur
487 2819 585 2857 799.

1068 2693 1286 2738 invideri
1317 2693 1475 2748 depon.
1505 2695 1607 2735 154:
1640 2689 1732 2745 qui,
1757 2689 1867 2732 dum

1097 2752 1330 2796 invidetur
1360 2750 1559 2805 homini,
1590 2747 1725 2805 perit.

1068 2810 1344 2856 invisibilis
1379 2814 1476 2853 122.
1519 2813 1620 2853 281.
