2020 3192
179 219 286 263 VIII
823 218 1185 267 PRAEFATIO.

179 339 403 391 alicuius
419 339 687 407 prosecuti
703 339 884 406 paullo
907 341 1034 408 post
1057 339 1125 391 ad
1140 338 1395 391 vestitum
1413 357 1567 392 suum
1583 339 1821 395 redeunt.

178 412 429 479 Iuyeruut
462 416 523 465 ut
558 413 813 464 tumulum
849 412 1170 479 sepulchrum
1206 413 1331 465 dum
1359 413 1616 480 plaudens
1644 411 1815 486 diviti!

178 486 525 538 Mutabuutur
563 502 788 553 paupere
823 490 951 539 vesle
989 490 1037 538 el
1068 486 1300 552 fastidiis
1337 484 1417 555 M,
1462 486 1718 555 Iuycruut
1751 489 1824 541 ad

179 563 212 611 t.
234 576 286 612 se
298 559 569 626 pulchros:
600 560 724 612 dum
746 559 896 612 diviti
915 560 1188 627 plaudent,
1219 559 1570 613 Mutabuutur
1588 560 1820 626 fastidiis

113 636 148 680 .”
178 637 226 685 et
258 650 487 700 paupere
522 636 651 685 veste
686 632 753 699 P,
797 632 1110 699 Inferuutur
1147 633 1340 687 tumulo
1377 634 1650 700 sepulchri,
1696 635 1821 687 dum

177 707 399 774 caudent
434 707 655 759 divitus:
693 706 1042 759 Mutabuntur
1079 710 1128 759 et
1159 706 1200 773 f.
1239 709 1335 759 etc.
1366 705 1431 759 R.
1499 706 1662 777 Idem,
1701 725 1821 760 cum

179 797 387 832 mecum
423 798 520 848 per
556 779 767 832 litteras
807 797 870 831 ea
908 780 1351 849 communicaret,
1398 799 1534 849 quae
1573 781 1820 833 secundis

180 853 318 906 curis
371 853 725 906 intellexisset
783 854 1057 906 nonnullis
1117 854 1249 906 locis
1305 853 1638 906 emendanda
1690 872 1822 923 esse,

180 926 544 979 coniecturam
584 927 660 979 sic
684 927 890 979 censuit
927 943 1043 979 esse
1083 926 1476 996 corrigendam:
1516 929 1640 980 dum
1666 928 1821 994 plau-

179 1001 297 1052 dent
324 1001 492 1068 dicitu
526 998 820 1068 plaudent'
854 1000 996 1051 enim
1025 999 1256 1052 formam
1287 999 1444 1051 indic.
1474 1018 1648 1068 praes,
1671 1000 1822 1053 verbi

177 1072 276 1125 Hae
323 1074 530 1142 coniug.
578 1073 680 1125 sibi
726 1073 1012 1142 agnovisse
1057 1073 1288 1141 videtur,
1337 1091 1472 1142 quae
1518 1073 1822 1126 firmaretur

178 1146 281 1199 hoc
333 1147 474 1200 loco:
529 1145 785 1214 plaudet'
791 1188 804 1214 ,
856 1165 1049 1198 manus
1103 1115 1337 1215 percutit
1391 1145 1472 1199 Gl.
1519 1145 1687 1199 Paris.
1743 1146 1822 1200 ed.

178 1219 419 1272 Hildebr.
471 1239 522 1288 p.
562 1220 694 1288 242,
741 1219 864 1273 251.
958 1218 1062 1273 Sed
1106 1220 1296 1272 finitur
1340 1237 1525 1272 versus
1574 1219 1822 1272 Commo-

180 1293 324 1345 diani
347 1311 477 1346 voce
499 1293 713 1362 „utique
739 1295 957 1346 accentu
975 1293 1294 1362 insignitam
1308 1293 1541 1346 habente
1557 1293 1821 1361 paenulti—

179 1365 368 1431 mam“,
411 1366 476 1419 cf.
513 1365 638 1419 Luc.
677 1366 859 1420 Muell.
894 1367 962 1429 ‚de
1000 1385 1058 1418 re
1098 1385 1167 1418 m.
1206 1385 1256 1434 p.
1280 1367 1405 1419 448.
1443 1397 1516 1403 -
1555 1385 1602 1418 v.
1635 1367 1721 1418 23.
1760 1366 1822 1419 Si

178 1441 294 1507 quis
329 1444 403 1493 est
438 1441 615 1507 opibus
650 1440 749 1492 sibi
784 1441 924 1493 visus
955 1438 1171 1493 Caesare
1200 1440 1386 1507 diyuus
1415 1438 1459 1490 L
1473 1480 1485 1503 ‚
1524 1439 1586 1492 Si
1607 1440 1822 1507 pinquis

179 1517 252 1565 est
296 1514 496 1582 opibuS,
543 1514 643 1566 sibi
689 1514 849 1579 [cibus
886 1513 952 1579 P]
1002 1514 1074 1566 sit
1115 1514 1163 1565 si
1201 1512 1256 1566 G.
1294 1514 1342 1565 d.
1380 1512 1461 1582 Μ,
1508 1511 1571 1566 Sa·
1605 1531 1661 1581 p.
1701 1530 1738 1566 e.
1777 1530 1820 1565 0.

178 1588 280 1639 sive
317 1588 386 1639 sit
429 1588 475 1639 is
514 1585 569 1639 G.
608 1588 655 1639 d.
693 1586 858 1655 Lbch,
898 1587 990 1655 qui
1026 1604 1171 1638 nunc
1187 1585 1297 1641 ‘seu
1333 1587 1448 1652 Quis
1484 1590 1558 1638 est
1592 1586 1823 1639 forsitan

179 1662 452 1728 praestare
476 1662 647 1728 putat.
673 1690 742 1696 —
766 1679 815 1712 v.
839 1660 926 1712 24.
941 1660 1218 1726 praeponit
1238 1658 1304 1728 P,
1317 1664 1648 1726 praeponunt
1668 1658 1726 1710 M
1749 1689 1822 1695 ——

176 1734 384 1800 frayilis
436 1732 516 1801 M,
567 1733 752 1800 frayili
796 1731 840 1784 P
891 1733 949 1784 in
996 1750 1104 1785 exc.
1158 1751 1251 1799 „ac
1298 1733 1344 1784 si
1394 1732 1615 1784 dixisset
1658 1732 1819 1799 inopi,

179 1805 445 1874 pauperi“.
485 1837 553 1843 —
592 1807 759 1859 ullum
796 1805 876 1874 M,
921 1823 1111 1858 urnam
1148 1805 1222 1875 R3
1271 1806 1429 1858 ollam
1466 1805 1537 1858 id.
1583 1805 1642 1857 in
1680 1823 1820 1858 com-

180 1882 344 1931 ment.
385 1879 626 1933 coniecit.
664 1909 737 1916 -—
773 1898 822 1932 v.
853 1880 939 1932 26.
978 1878 1223 1932 Summus
1260 1879 1469 1931 divilias
1494 1920 1504 1930 .
1530 1920 1541 1930 .
1566 1920 1577 1931 .
1602 1879 1732 1931 altos
1762 1877 1821 1947 P,

179 1970 383 2006 summa
405 1954 614 2006 divitias
638 1994 649 2005 .
675 1994 685 2004 .
712 1993 724 2004 .
748 1953 878 2006 altos
893 1952 966 2020 M,
989 1969 1246 2006 summam
1268 1953 1405 2005 dedu
1424 1953 1534 2004 iam
1557 1994 1568 2005 .
1595 1993 1605 2004 .
1631 1992 1642 2003 .
1666 1952 1823 2004 Altus

180 2026 344 2079 Lbch.
402 2056 466 2063 —-
525 2045 571 2078 v.
610 2026 696 2079 29.
735 2026 935 2080 Suadeo
980 2027 1132 2089 allos,
1179 2026 1243 2078 cf.
1291 2025 1575 2078 suademur
1612 2044 1659 2078 v.
1698 2024 1823 2093 297,

182 2099 476 2152 erravimus
503 2100 647 2152 suasi
669 2118 716 2152 v.
744 2100 864 2169 758,
905 2118 1037 2169 quos
1062 2100 1154 2152 ille
1181 2099 1350 2152 suasit
1370 2098 1533 2151 Instr.
1562 2100 1607 2167 1,
1630 2099 1717 2167 42,
1734 2098 1820 2151 45.

181 2173 283 2225 vid.
335 2171 485 2225 Neue
530 2172 583 2224 Π
623 2173 729 2226 261
780 2191 916 2242 sqq.,
962 2172 1080 2225 Ital.
1128 2173 1235 2225 441
1286 2190 1400 2242 sqq.
1444 2202 1518 2209 —
1563 2189 1648 2239 eqo
1693 2172 1824 2229 altos

181 2247 253 2298 sic
289 2245 369 2315 M,
413 2263 498 2313 eqo
535 2248 608 2299 sic
644 2248 774 2300 allos
811 2246 977 2299 Lbch.
1029 2276 1091 2283 —
1142 2265 1189 2299 v.
1237 2246 1323 2298 31.
1369 2246 1577 2311 aspicite
1622 2243 1685 2311 P,
1731 2243 1820 2311 (cf.

183 2319 368 2371 discite
415 2318 509 2389 32)
549 2321 716 2386 aspice
752 2319 824 2372 Μ.
869 2350 943 2357 -
987 2338 1034 2372 v.
1081 2319 1167 2372 34.
1214 2319 1497 2371 belluarum
1541 2286 1712 2369 adesse
1748 2315 1822 2384 M,

182 2393 225 2444 b.
270 2393 438 2445 instar
483 2394 565 2445 acl.
604 2392 648 2444 P
695 2393 754 2444 in
800 2393 980 2446 adnot.
1031 2391 1271 2445 coniecit.
1314 2420 1377 2428 ——
1420 2409 1468 2443 v.
1508 2390 1593 2442 36.
1639 2406 1732 2442 nos
1776 2388 1820 2440 P

183 2465 239 2516 in
280 2484 402 2529 exc„
443 2466 592 2518 deest
629 2465 783 2519 inM.
822 2495 892 2503 —
932 2466 1053 2518 illas
1083 2464 1256 2531 Lbch,
1296 2464 1420 2517 illos
1444 2463 1516 2515 Μ.
1556 2493 1626 2500 --
1664 2481 1712 2515 v.
1738 2463 1825 2515 37.

174 2539 415 2604 praebere
452 2539 516 2590 cf.
554 2541 768 2591 merunt
806 2538 875 2591 56
916 2535 1185 2608 (coniect.)
1227 2541 1418 2606 augere
1458 2537 1579 2589 602.
1625 2536 1822 2604 lugunt

184 2611 311 2679 942,
336 2612 551 2664 fervunt
570 2612 726 2665 1018.
766 2613 997 2665 exercite
1022 2610 1121 2681 (pr.
1141 2607 1403 2680 exercete)
1418 2609 1579 2662 Instr.
1597 2610 1645 2677 2,
1661 2609 1748 2672 26,
1765 2609 1819 2677 13

184 2653 378 2736 intuite
423 2686 475 2752 1,
515 2685 607 2753 31,
652 2687 696 2738 1.
740 2686 791 2752 1,
831 2686 924 2750 39,
964 2685 1013 2738 5.
1069 2684 1133 2737 cf.
1172 2683 1322 2737 Neue
1361 2682 1417 2735 II
1455 2702 1506 2751 p.
1545 2651 1651 2734 422
1693 2700 1821 2751 sqq,

184 2756 302 2809 Ital.
341 2776 389 2825 p.
422 2757 528 2810 283
569 2777 682 2827 sqq.
727 2788 787 2796 —
831 2777 878 2811 V.
912 2759 997 2811 38.
1036 2759 1236 2812 divinos
1272 2756 1350 2825 M,
1388 2756 1616 2809 Divinus
1652 2755 1709 2807 P.
1750 2785 1819 2792 —-

184 2849 232 2882 v.
278 2830 362 2883 39.
407 2830 556 2883 verba
602 2833 796 2884 tonavit
836 2831 904 2901 L,
957 2850 1078 2885 cum
1133 2831 1404 2884 sententia
1449 2829 1821 2899 gravissimam
