2020 3192
290 159 461 204 XXXII
930 159 1288 206 PRAEFATIO.

291 299 338 333 v.
381 278 485 332 152
526 279 926 346 adnotavimus3
969 279 1050 346 fili
1087 278 1150 331 R.
1193 310 1256 316 —-
1301 279 1499 344 leyandi
1536 278 1703 346 Lbch,
1741 280 1933 348 leyendi

290 352 362 405 M.
406 383 468 390 —
511 371 558 405 v.
593 353 712 405 727.
753 351 1102 420 Dividuntur,
1132 368 1260 419 quae
1291 353 1443 416 bona,
1482 353 1650 406 intell.
1682 351 1846 405 esunt'
1872 352 1931 422 L,

291 426 708 492 Dividunturque
753 426 794 478 b.
834 424 911 494 M,
957 424 1281 478 Dividuntur
1326 426 1458 479 bona
1495 425 1559 477 R.
1613 456 1674 464 —-
1723 445 1770 479 v.
1811 427 1932 481 728.

291 500 392 566 filu·
429 498 502 568 M,
541 499 605 551 ef.
645 518 693 551 v.
734 498 856 562 725,
893 498 974 566 fili
1010 497 1074 551 R.
1115 529 1185 536 —
1227 518 1272 552 v.
1315 499 1435 552 733.
1473 500 1734 552 Fecissent
1767 501 1815 553 si
1851 500 1933 552 bo-

291 590 417 626 num
454 572 520 640 L,
563 573 890 639 fecissentque
928 572 1113 624 bonum
1151 571 1223 623 M.
1273 603 1336 611 —
1387 592 1434 625 v.
1476 573 1597 625 734.
1646 573 1752 626 Neo
1795 573 1838 625 P
1877 573 1935 625 in

293 665 415 713 exe„
454 647 609 699 Nunc
646 645 717 698 M.
757 677 829 682 -—
867 665 914 698 v.
956 645 1076 698 737.
1115 645 1288 698 Deum
1325 645 1388 715 R,
1427 645 1713 699 Dominum
1750 645 1823 698 M.
1863 676 1933 683 -
1994 654 1998 661 '

293 739 339 773 v.
381 719 504 772 739.
531 723 740 786 peccata
766 720 1000 786 pristina
1037 720 1235 772 donans
1273 719 1331 789 L,
1359 725 1572 787 peecata
1612 722 1936 787 [peccataque
2011 767 2013 769 ,

293 793 363 860 R]
393 794 626 860 pristina
663 794 822 846 donat
858 792 930 845 M.
973 823 1039 830 —-
1080 811 1127 844 v.
1171 793 1289 845 740.
1329 794 1670 846 comminatur
1707 793 1764 861 P,
1804 810 1935 845 com-

295 868 522 919 minator
558 865 630 918 M.
668 896 742 903 —
779 885 825 918 v.
861 866 981 917 741.
1011 867 1188 934 periet,
1228 866 1293 918 ef.
1331 865 1482 919 Neue
1521 866 1590 918 II.
1629 866 1738 920 450
1778 869 1831 918 et
1869 866 1935 919 It.

293 959 342 1008 p.
390 940 498 991 292
546 958 620 1008 sq.
668 969 735 975 -
785 958 834 991 v.
876 939 996 990 742.
1043 940 1252 1005 quisque
1298 957 1396 1007 pro
1443 941 1728 1006 quicunque
1766 939 1833 992 ef.
1869 939 1936 991 It.

295 1013 416 1065 336.
457 1042 525 1049 -—
566 1014 714 1065 deos.
777 1012 929 1078 fabr
931 1013 1087 1064 1331133
1117 1011 1176 1080 P,
1207 1013 1361 1064 dene.
1425 1012 1741 1078 ,fabricatus
1763 1012 1834 1064 M.
1866 1042 1935 1049 —-

295 1105 342 1138 v.
370 1086 489 1138 744.
529 1087 588 1138 in
626 1087 741 1153 iyne
769 1086 1025 1152 proiectus
1048 1085 1091 1136 P
1133 1086 1191 1136 in
1230 1103 1355 1154 exc„
1394 1087 1451 1138 in
1491 1087 1605 1153 iyne
1635 1087 1844 1142 reiectus
1868 1085 1938 1139 id.

294 1160 352 1211 in
397 1161 557 1227 text„
609 1160 667 1211 in
712 1160 842 1242 iyne
853 1159 1142 1226 praefectus
1180 1157 1250 1210 M.
1306 1189 1378 1198 —
1431 1159 1939 1212 ν’.745.311131αέ113

297 1234 484 1300 iynitos
529 1200 595 1300 L3
648 1250 715 1285 or.
762 1233 965 1299 iniquos
1009 1231 1087 1299 M,
1142 1248 1209 1284 or.
1258 1233 1467 1299 iniquus
1520 1232 1591 1301 R,
1654 1235 1938 1301 utrumque

294 1307 456 1358 nimis
494 1306 812 1375 languidum
852 1309 904 1357 et
942 1306 1216 1374 frigidum.
1256 1337 1324 1342 -—
1365 1325 1412 1358 V.
1455 1306 1576 1358 746.
1613 1323 1856 1372 equorum
1880 1304 1938 1374 L,

291 1397 529 1446 pecorum
553 1379 631 1447 Μ,
671 1379 736 1431 ef.
767 1378 1014 1431 fraenum
1054 1379 1322 1447 accipiunt
1359 1397 1407 1431 v.
1435 1379 1563 1447 747,
1604 1379 1667 1431 de
1693 1381 1939 1446 correpta

296 1453 595 1521 penultima
643 1472 692 1505 v.
737 1470 995 1521 equorum
1042 1452 1107 1504 ef.
1146 1453 1476 1520 psalmorum
1523 1471 1570 1504 v.
1613 1453 1715 1504 747
1732 1453 1938 1505 -748,

297 1528 491 1579 durant
525 1525 609 1594 Μ,
648 1527 839 1578 ducant
875 1524 943 1577 H.
995 1556 1058 1562 -—
1108 1545 1157 1578 v.
1200 1526 1320 1577 749.
1359 1526 1658 1578 discendunt
1692 1527 1940 1592 sanquine

297 1599 376 1668 M,
414 1600 718 1652 descendunt
752 1600 1056 1666 sanquinem
1095 1598 1138 1649 P
1178 1599 1252 1650 in·
1275 1598 1417 1667 adn,
1455 1599 1629 1651 Deum
1665 1599 1943 1651 incendunt

297 1674 544 1740 sanquine
589 1673 623 1724 1.
663 1691 705 1724 e.
761 1672 888 1724 diris
943 1672 1000 1724 in
1052 1672 1323 1740 mancipia
1377 1671 1614 1724 saevitiis
1661 1671 1798 1723 iram
1837 1670 1938 1722 Dei

299 1746 567 1815 instigant
613 1748 667 1798 et
706 1748 983 1797 exacuunt.
1015 1745 1057 1796 P
1095 1745 1152 1796 in
1193 1763 1315 1813 exe„
1355 1746 1659 1797 descendunt
1694 1745 1942 1811 sanquine

299 1819 462 1889 Lbeh.
514 1849 577 1856 —
627 1838 674 1871 v.
718 1818 839 1871 754.
885 1819 1196 1871 clementiam
1234 1818 1337 1871 Dei
1372 1819 1614 1886 refhcyant
1648 1817 1726 1886 M,
1773 1818 1831 1870 ol.
1870 1817 1940 1869 D.

299 1893 532 1958 refusant
567 1892 739 1961 Lbeh,
786 1893 842 1945 cl.
883 1892 952 1945 D.
989 1892 1220 1957 refutant
1256 1891 1319 1943 R.
1367 1923 1435 1928 —-
1483 1911 1530 1944 v.
1573 1890 1691 1943 755.
1732 1890 1943 1943 Strenui

300 1970 539 2019 sectantes
583 1965 649 2018 L:
695 1966 845 2018 nullo
892 1966 1153 2049 temporis
1199 1967 1397 2034 puncto
1444 1965 1750 2017 intermisso
1790 1964 1942 2016 luxu-

301 2040 437 2091 riam
477 2041 764 2107 sectantur,
806 2038 978 2108 quasi
1019 2040 1134 2091 sola
1172 2040 1287 2092 vita
1326 2037 1429 2091 sit'.
1484 2038 1694 2091 Strenia
1730 2042 1838 2090 sect.
1870 2035 1958 2104 M„

301 2112 536 2166 Strenam
581 2110 782 2182 (eibum
791 2110 841 2183 P)
880 2117 989 2166 sect.
1029 2111 1192 2165 Lboh.
1275 2112 1572 2180 Strenuum
1623 2112 1775 2163 deam
1817 2113 1944 2163 stre-

302 2186 526 2238 nuitatis
575 2189 734 2255 atque
781 2186 1078 2238 industriae
1125 2186 1174 2238 R
1221 2186 1461 2238 coniecit.
1546 2184 1649 2237 Sed
1688 2185 1800 2251 isti,
1852 2182 1942 2251 qui

303 2277 466 2311 unam
512 2260 738 2312 salutem
790 2260 847 2311 in
898 2260 1106 2311 luxuria
1159 2259 1393 2327 positam
1449 2276 1562 2310 esse
1608 2257 1943 2324 profitentur,

303 2333 521 2401 fugiunt
558 2333 699 2385 hanc
738 2333 914 2400 deam,
952 2351 1060 2385 non
1099 2333 1302 2385 colunt!
1341 2362 1414 2370 —
1451 2332 1540 2399 sit,
1581 2331 1735 2382 istam
1768 2329 1941 2398 (luxu-

304 2405 462 2475 riam)
509 2405 573 2474 L,
627 2407 697 2459 sit
743 2407 858 2472 ipSa
909 2405 1032 2468 ΜΡ,
1086 2405 1293 2458 sitista
1342 2404 1404 2456 R.
1455 2433 1527 2442 -
1580 2422 1627 2455 v.
1683 2402 1802 2455 756.
1857 2402 1944 2455 Sic

304 2481 512 2531 redeunt
548 2495 583 2531 a
618 2478 738 2532 Deo
768 2477 827 2530 L.
885 2477 976 2530 Ait
1001 2476 1441 2531 Commodianus:
1482 2476 1748 2528 luxuriam
1789 2475 1943 2545 quasi

306 2553 472 2604 vitam
512 2552 721 2605 assidue
762 2554 1054 2615 sectantur,
1095 2552 1187 2604 sed
1217 2551 1412 2614 Deum,
1451 2551 1615 2603 vitam
1655 2552 1943 2617 aeternam,

307 2624 535 2694 fugiunt.
610 2625 672 2679 Si
709 2627 918 2679 eredunt
953 2642 987 2676 a
1023 2624 1133 2677 Deo
1173 2623 1245 2692 M,
1283 2623 1345 2677 St
1382 2625 1591 2676 eredunt
1611 2622 1722 2676 Deo
1761 2622 1817 2690 P,
1856 2621 1944 2675 Sic

307 2699 516 2750 eredunt
537 2698 763 2751 Domino
786 2698 950 2766 Lbeh,
973 2698 1285 2750 Diseredunt
1306 2697 1531 2750 Domino
1557 2696 1619 2748 R.
1646 2727 1713 2734 -—
1747 2715 1794 2749 v.
1822 2695 1942 2748 757.

308 2788 420 2824 ouon
457 2771 525 2824 sit
560 2770 625 2845 P,
671 2789 785 2824 omn
822 2773 928 2824 sint
963 2770 1034 2824 M.
1083 2802 1153 2808 -—-
1200 2790 1245 2823 v.
1289 2770 1408 2823 758.
1454 2770 1650 2823 33331113
1688 2770 1832 2823 suasi
1877 2768 1942 2821 of.
