2020 3192
627 234 646 242 „
707 198 900 243 INDEX
930 196 1283 243 VERBORUM.

177 330 360 376 pompa
388 315 590 363 adulteri
620 321 720 361 206.

179 388 394 435 poneret
426 377 615 421 dorsum
644 373 782 432 posui
811 373 871 418 ad
893 373 973 418 fla·

208 437 336 494 gella
366 433 651 480 caedendum
681 437 782 478 350.

179 495 418 551 posterga
447 498 547 538 599.

180 553 456 609 posteritas
480 551 654 608 posteri
687 554 783 595 194.

180 612 445 667 postqnam
490 624 526 655 c.
566 610 683 654 coni.
714 608 836 664 perf.
870 611 977 652 773:

209 683 346 714 nemo
369 670 524 725 potest
538 667 705 722 dicere,
729 667 978 723 postqmaem

208 727 407 772 facultas
437 726 549 770 data
578 725 652 770 sit.

180 801 357 857 potare
390 800 509 855 alqm
547 799 655 854 alqd
684 802 793 842 414:
838 810 979 854 quem

210 859 492 914 potaverunt
522 858 718 903 acetum.

180 930 483 988 potestatem
514 929 727 974 sumendi
755 929 907 974 habeo
929 929 979 973 in

210 989 343 1033 illam
375 993 474 1034 468.

181 1045 427 1104 praebere
458 1051 529 1091 42.

181 1107 452 1163 praecepta
482 1106 669 1162 gustare
700 1109 800 1150 327.

181 1164 505 1221 praeconium
537 1168 607 1207 53.
677 1162 682 1166 ’

181 1223 444 1279 praeferre
504 1222 726 1266 rahmend
776 1222 980 1278 preisen:

211 1280 509 1338 praelatum*
540 1284 639 1325 295.

181 1349 509 1396 praemonere
541 1352 575 1383 e.
611 1339 697 1394 inf.
730 1343 839 1383 204:
879 1339 981 1383 abs·

213 1397 333 1442 cisos
394 1411 423 1442 a
475 1397 659 1442 saeculo
711 1399 985 1454 praemonet

212 1470 326 1500 esse.

181 1514 442 1571 praescius
473 1528 509 1558 c.
535 1526 682 1559 accus.
709 1518 817 1559 259:
848 1527 982 1572 prae-

212 1573 333 1617 scius
364 1573 454 1617 hoc
483 1572 650 1617 fuerat.

181 1642 505 1688 praesumere
552 1636 651 1688 720,
690 1631 844 1698 etl-It.
879 1634 983 1676 376.

180 1703 431 1759 primatus
464 1708 565 1749 262.
603 1703 858 1760 primatum
895 1703 986 1748 sibi

212 1762 462 1806 vindicare.

183 1820 474 1876 primitivus
514 1825 613 1866 109.
652 1825 753 1865 213.
793 1825 894 1865 525.
926 1846 982 1851 -

213 1878 454 1936 primitiva
483 1875 541 1923 τὰ
571 1876 865 1935 πρωτοτόκια
897 1884 983 1924 252

215 1938 271 1992 cf.
303 1936 362 1982 R.
396 1937 502 1981 adn.

186 1994 553 2052 primogenitus
586 1999 685 2040 658.

184 2068 388 2125 privare
443 2069 562 2125 alqm
606 2069 659 2112 de
711 2072 799 2112 254
851 2082 986 2125 syna·

215 2141 338 2184 goga
369 2127 426 2170 de
459 2140 540 2170 suo
570 2126 801 2183 privata*.
967 2128 970 2130 ’

183 2186 428 2242 profanus
461 2190 560 2230 187.

184 2243 489 2300 profluvium
521 2248 620 2289 645.

185 2302 509 2359 proloquium
541 2307 640 2348 588.

183 2360 432 2429 promissa
474 2362 549 2417 (=
580 2360 842 2418 promissio)
882 2365 983 2406 983.

180 2432 457 2475 pronomma

212 2477 319 2522 heic
359 2482 486 2522 1053.
527 2504 582 2510 —-
620 2478 721 2535 ipse
766 2498 822 2514 =
866 2479 984 2523 idem

215 2540 285 2580 92.
318 2540 417 2580 477.
451 2541 538 2582 804
574 2541 652 2582 etc.
695 2563 746 2568 —
789 2537 983 2593 quisque

214 2614 270 2696 ἷ-
315 2608 584 2697 Ξὲἒοαηιραε
630 2601 729 2642 742.
778 2600 877 2641 796.
924 2596 983 2650 cf.

184 2710 489 2767 prophetare
506 2717 606 2759 271.
631 2717 733 2760 477.
758 2718 857 2759 826.
884 2718 983 2759 832.

188 2769 457 2824 prophetia
486 2775 584 2816 225.
617 2776 718 2819 242.

187 2826 532 2886 propheticus,
555 2844 597 2875 v.
622 2831 898 2888 prophetica
914 2836 983 2876 51.

273 2907 533 2942 Commodiani
557 2911 678 2944 Carm.
702 2914 799 2952 apol.

1741 198 1811 247 41

1048 327 1130 358 ora
1150 313 1427 416 {iiphetica
1443 316 1543 357 348.
1567 317 1667 357 364.
1692 312 1817 357 dicta

1047 388 1116 430 pr.
1242 409 1250 419 .

1019 443 1246 488 propono
1296 436 1371 475 17:
1417 429 1537 474 nihil
1582 430 1668 474 sibi
1712 443 1817 486 pro-

1049 493 1230 546 ponunt
1259 502 1551 546 cognoscere.
1583 489 1642 542 cf.
1665 489 1787 532 dare.

1021 547 1229 604 proprie
1275 548 1495 592 adice-tivo
1540 547 1816 604 adpositumz

1050 605 1236 663 proprie
1267 621 1411 649 unum
1445 613 1482 650 1.

1024 664 1266 721 prosequi
1312 663 1567 708 saecularia
1615 668 1715 718 580,
1762 664 1819 718 cf.

1052 737 1075 767 s
1126 738 1188 766 uz.

1023 737 1292 839 pregsnirez
1323 780 1372 824 in
1402 794 1525 826 nova
1547 781 1652 838 lege
1675 780 1819 837 prosi-

1052 840 1185 884 lisset
1213 844 1314 884 283.

1023 909 1306 956 provocare
1338 911 1374 941 c.
1404 898 1491 952 inf.
1520 902 1626 943 759:
1658 912 1822 954 provo-

1055 971 1215 1002 camur
1246 955 1444 1000 credere.

1024 1015 1274 1073 pugillus:
1298 1014 1479 1071 pugillo
1505 1014 1728 1059 circulum
1752 1028 1821 1059 or—

1052 1074 1126 1119 bis
1157 1073 1431 1119 concludere
1465 1078 1563 1118 115.

1026 1133 1232 1189 pustula
1266 1137 1362 1176 147.

1029 1247 1353 1304 quaestoria*
1385 1253 1483 1292 151.

1030 1319 1326 1363 quamquam
1357 1321 1393 1351 c.
1426 1307 1543 1351 coni.
1576 1310 1675 1350 875.

1027 1366 1147 1422 quia
1169 1379 1260 1421 pro
1292 1379 1383 1410 acc.
1406 1380 1443 1410 c.
1467 1366 1659 1420 infinit:
1690 1378 1823 1422 prae-

1057 1425 1239 1468 dixerat
1268 1423 1379 1480 quia
1407 1425 1666 1481 resurgeret
1696 1428 1794 1467 547.

1029 1483 1240 1538 quIsque
1259 1504 1315 1519 =
1331 1484 1596 1539 quicumque
1609 1487 1705 1526 742.
1726 1487 1825 1526 796.

1029 1542 1161 1597 quod
1181 1554 1268 1597 pro
1292 1555 1382 1585 aec.
1400 1555 1436 1585 c.
1460 1542 1653 1596 infinita
1684 1541 1824 1597 scrip-

1060 1603 1163 1644 tum
1205 1602 1307 1644 erat
1342 1599 1466 1655 quod
1496 1604 1594 1644 255.
1671 1598 1826 1643 videte

1060 1659 1186 1714 quod
1221 1663 1322 1703 430.
1384 1658 1635 1715 prophetas
1674 1657 1826 1702 dicere

1059 1717 1197 1761 iussit
1257 1716 1382 1772 quod
1444 1721 1541 1760 195.
1642 1716 1826 1762 credere

1058 1776 1184 1832 quod
1214 1775 1371 1820 veniet
1398 1777 1583 1832 tempus
1611 1780 1708 1818 141.
1743 1824 1748 1834 ¹

1030 1834 1265 1891 quoniam
1303 1847 1394 1890 pro
1440 1847 1528 1880 acc.
1578 1847 1613 1878 c.
1656 1833 1825 1888 infinit.

1058 1893 1253 1949 aspicite
1299 1907 1342 1948 q.
1381 1892 1535 1937 brevis
1581 1894 1652 1937 est
1692 1892 1826 1936 nobis

1061 1951 1239 1995 credita
1276 1951 1376 1996 vita
1405 1955 1477 1996 31.
1509 1951 1568 2005 cf.
1601 1952 1746 1994 Instr.
1778 1955 1826 2003 2,

1062 2013 1152 2076 39³.
1191 2013 1243 2053 4:
1307 2009 1547 2066 polliceor,
1607 2009 1827 2064 quoniam

1060 2083 1191 2112 Vlvls.

1031 2184 1216 2240 raptim
1249 2189 1318 2228 63.

1027 2242 1238 2287 rebellis
1268 2247 1369 2286 427.

1028 2301 1253 2346 recalces
1284 2302 1554 2346 reluctantes
1584 2301 1700 2345 dura
1732 2315 1824 2346 cer-

1058 2360 1159 2405 vice
1191 2365 1290 2404 229.
1332 2360 1389 2415 cf.
1423 2361 1566 2405 Inetr.
1601 2365 1644 2414 1,
1675 2364 1752 2413 38,
1784 2365 1822 2404 1.

1029 2418 1334 2473 recolligere
1365 2419 1451 2474 (se)
1484 2424 1553 2464 66.

1029 2477 1301 2522 recordare
1334 2482 1432 2522 668.

1029 2536 1290 2581 recordari
1331 2540 1434 2580 78οε
1483 2536 1544 2580 ad
1580 2535 1713 2580 iUmu
1757 2549 1825 2580 re·

1060 2595 1244 2640 cordari
1275 2595 1506 2640 debemus.

1034 2654 1271 2708 refugare
1295 2655 1517 2710 repellere,
1539 2654 1701 2711 fugare
1719 2658 1823 2697 754:

1060 2713 1356 2757 clementiam
1385 2712 1472 2756 Dei
1501 2712 1729 2770 refugant.

1030 2771 1347 2829 relinquere,
1401 2773 1544 2827 perfi:
1606 2770 1827 2826 relinquit

1390 2908 1415 2947 3
1425 2903 1474 2928 *²³
