2020 3192
799 214 1162 259 PRAEFATIO.
1645 213 1799 258 XXIII

158 339 328 390 nectas
373 338 508 403 ipsos
546 334 624 404 M,
669 351 783 388 ense
826 338 972 387 necat
1013 335 1150 404 ipsos
1194 333 1260 403 P,
1305 334 1393 386 sed
1435 333 1618 385 incitat
1664 333 1800 401 ipsos

159 411 228 463 id.
267 410 323 462 in
362 428 470 463 exc.
507 438 578 446 —-
617 410 751 462 ensis
794 412 940 461 necat
973 409 1109 475 ‘clusos
1146 406 1210 459 R.
1252 437 1315 444 —
1359 425 1407 459 v.
1432 405 1554 459 389.
1592 407 1668 459 sie
1704 407 1802 459 erit

158 488 208 536 et
238 483 434 550 falsum
470 482 542 551 R,
579 483 653 535 sic
689 483 789 534 erit
823 485 870 534 et
902 482 1044 547 falsa
1074 479 1153 548 M,
1191 481 1266 533 sie
1301 484 1453 533 erunt
1487 484 1535 532 et
1567 479 1709 545 falsa
1739 479 1798 531 P.

163 586 229 594 —
270 575 317 609 v.
349 556 471 608 391.
507 555 754 607 rebellant
787 571 996 621 magum
1026 555 1240 606 dieentes
1270 552 1331 622 L,
1368 553 1612 606 rebellant
1641 553 1800 606 dicere

158 646 375 698 maqnus
420 626 499 696 M,
544 645 586 679 r.
632 628 680 679 d.
726 644 933 695 maqum
978 626 1037 679 P.
1115 625 1272 678 ‘Aliis
1320 626 1526 694 placuit
1570 626 1799 678 retinere

158 719 404 770 maynum
448 702 481 754 i.
522 718 587 752 e.:
633 700 708 752 Hi
754 718 882 768 prae
934 719 1031 769 sua
1068 700 1125 753 in
1164 699 1336 752 Deum
1375 700 1670 768 protervia,
1720 699 1801 752 1111

159 776 343 845 magni
381 792 581 827 nomen
620 773 952 826 detrectant?
993 774 1036 826 P
1079 773 1139 825 in
1185 791 1294 825 exc.
1335 802 1403 810 —
1444 791 1492 825 v.
1532 773 1655 824 393.
1700 774 1802 839 fme

157 850 248 902 sub
292 849 408 915 ipsa
445 847 524 916 M,
571 847 636 900 cf.
673 847 837 901 Instr.
884 848 941 916 2,
989 848 1044 916 3,
1094 847 1143 899 3.
1219 866 1267 899 v.
1305 845 1456 898 Neue
1507 845 1533 897 I
1579 865 1629 914 p.
1680 846 1802 914 703,

158 922 222 975 It.
262 923 385 975 269.
464 922 504 987 f.
550 938 590 974 s.
635 922 744 987 ipso
790 920 850 973 P.
900 951 964 958 —
1014 940 1063 974 v.
1104 920 1226 973 394.
1262 924 1462 987 pectore
1508 920 1678 972 clauso
1726 917 1798 987 Μ,

160 996 226 1048 cf.
264 996 350 1047 47.
391 995 517 1047 406.
555 994 679 1062 936,
710 1012 766 1061 p.
805 994 941 1047 cluso
979 993 1044 1058 R,
1083 994 1174 1063 qui
1214 1012 1246 1045 a
1284 1005 1356 1046 se‘
1381 993 1639 1061 discessit,
1680 1010 1801 1044 cum

160 1088 207 1121 v.
231 1069 301 1121 47
332 1073 539 1135 pectora
575 1068 753 1120 clausa
792 1067 1048 1120 scriberet
1087 1070 1141 1120 et
1178 1086 1226 1120 v.
1258 1067 1365 1119 936
1406 1067 1581 1119 clausi.
1645 1063 1799 1118 Com-

160 1142 439 1194 modianus
485 1144 766 1209 utramque
813 1141 1043 1193 formam
1091 1139 1340 1193 ‘cludere’
1383 1138 1472 1209 (cf.
1514 1139 1800 1192 elusissent

161 1214 291 1285 384)
349 1221 402 1267 et
455 1213 736 1267 eclaudere'
791 1217 1031 1282 usurpat.
1089 1243 1154 1251 —
1212 1233 1260 1266 v.
1318 1213 1440 1266 397.
1495 1230 1602 1265 meo
1655 1213 1800 1265 verbe)

157 1292 428 1341 saneseaut
479 1287 522 1339 P
573 1288 629 1339 111
677 1287 795 1341 adn.
843 1287 1092 1356 coniecit,
1140 1287 1233 1339 sed
1282 1286 1340 1339 in
1388 1289 1644 1339 contextu
1683 1304 1803 1338 cum

159 1361 340 1414 codice
373 1361 610 1430 scripsit:
649 1378 762 1413 mea
792 1361 943 1414 verba
972 1364 1244 1414 senescant.
1274 1391 1337 1397 —
1365 1379 1413 1413 v.
1438 1360 1561 1412 402.
1585 1361 1807 1412 iusserat

158 1436 275 1488 illos
303 1434 376 1502 M,
413 1436 448 1487 i.
480 1435 587 1486 illis
616 1433 679 1486 R.
720 1465 788 1470 —
829 1453 877 1486 v.
901 1434 1025 1487 405.
1064 1417 1141 1486 Et
1161 1432 1463 1487 Samariam
1485 1432 1558 1485 M.
1621 1431 1803 1485 Sama-

159 1508 296 1560 riam
317 1507 660 1576 trisyllabum
692 1510 787 1575 est,
819 1507 884 1561 cf.
909 1527 956 1560 v.
985 1507 1089 1560 152
1123 1507 1382 1574 adnotat.,
1422 1506 1567 1559 EtR
1592 1506 1803 1559 delevit.

165 1611 227 1619 —
259 1582 571 1648 priusquam
610 1581 894 1647 loqueretur
930 1580 990 1647 P,
1019 1581 1270 1648 priusque
1308 1581 1339 1633 l.
1378 1579 1449 1632 M.
1494 1611 1556 1616 -
1599 1599 1648 1632 v.
1678 1580 1804 1632 406.

159 1654 338 1706 clausa
375 1653 433 1705 M
472 1653 535 1706 cf.
568 1654 691 1721 394,
730 1655 872 1706 elusa
901 1653 964 1706 R.
1009 1685 1072 1691 —
1117 1673 1164 1706 v.
1202 1654 1327 1706 407.
1357 1654 1585 1721 praedas
1624 1657 1808 1705 teneret

158 1725 220 1795 L,
245 1744 330 1794 pr.
354 1728 488 1779 intre
509 1726 582 1796 M,
612 1745 698 1794 pr.
721 1728 877 1780 iniret
913 1726 971 1779 P.
1033 1726 1336 1780 Offenditur
1375 1727 1517 1779 dicto
1558 1725 1803 1795 ‘praedas

158 1799 327 1868 inire',
359 1818 494 1869 quae
516 1799 713 1853 Latina
737 1804 819 1853 est
840 1801 1013 1868 nulla3
1036 1819 1210 1870 neque
1236 1819 1356 1853 cum
1379 1799 1556 1852 verbis
1584 1798 1803 1852 Graecis

159 1870 282 1943 (IeS.
315 1875 363 1942 8,
402 1872 462 1943 4)
502 1870 734 1942 λήψεται
772 1870 838 1926 τὰ
879 1874 1054 1927 σκῦλα
1091 1875 1250 1927 lectio
1282 1874 1508 1943 vulgata
1541 1874 1804 1941 convenit,

161 1947 254 1999 scd.
293 1946 537 2015 capiendi
574 1947 661 1999 vel
699 1947 979 2000 obtinendi
1024 1966 1129 2000 vox
1176 1948 1445 2000 sententia
1482 1947 1804 2016 postulatur,

160 2038 320 2089 quam
374 2037 402 2071 e
457 2019 653 2072 codicis
709 2021 973 2089 scriptura
1030 2021 1231 2073 eruisse
1285 2021 1420 2072 mihi
1473 2020 1670 2072 videor.
1736 2050 1800 2058 -—

161 2111 209 2145 V.
234 2093 357 2146 414.
399 2092 557 2159 Quem
594 2097 643 2145 et
667 2097 977 2160 potaverunt
1003 2111 1043 2147 S.
1074 2111 1113 2146 s.
1144 2098 1341 2147 acetum
1363 2093 1436 2162 M,
1474 2097 1608 2146 aceto
1640 2093 1804 2145 Lbch.

161 2196 231 2204 -
277 2185 326 2219 v.
363 2166 487 2219 415.
532 2167 610 2219 Et
652 2168 710 2219 in
755 2171 869 2219 vest.
908 2167 978 2236 R,
1036 2167 1104 2221 Ut
1146 2168 1204 2219 in
1247 2171 1363 2220 vest.
1401 2166 1459 2218 M
1509 2197 1572 2203 —
1622 2171 1805 2219 sortem

159 2241 409 2292 miserunt
451 2239 623 2309 Lbch,
660 2244 940 2308 sortemque
975 2258 1042 2293 m.
1081 2239 1153 2292 M.
1228 2239 1507 2293 Nonnulla
1545 2240 1805 2292 excidisse

159 2314 245 2365 vel
311 2314 660 2366 interturbari
724 2313 906 2367 Pitrae
979 2312 1070 2385 (in
1125 2313 1266 2383 exc.)
1328 2313 1664 2366 videbantur.
1734 2343 1806 2350 ——

160 2405 208 2438 v.
253 2387 378 2440 416.
433 2387 658 2455 leyimus.
741 2388 814 2440 Iu
859 2387 931 2456 R,
985 2388 1196 2456 legimus
1248 2389 1305 2439 in
1350 2385 1409 2439 P.
1465 2416 1535 2424 —-
1588 2387 1659 2439 Iu
1715 2388 1804 2439 illo

160 2461 337 2512 omnia
376 2465 518 2528 qesta
563 2458 721 2532 (417)
769 2461 1009 2514 Fuerunt
1051 2461 1100 2514 e't
1152 2461 1384 2514 tenebrae
1422 2461 1597 2527 factae'
1643 2461 1806 2513 tribus

163 2531 302 2586 ho'r‘zs
338 2535 410 2586 ad
442 2539 639 2587 sextam
669 2534 730 2588 L.
799 2534 1040 2588 Verbum
1073 2533 1326 2587 ‘fuerunt'
1360 2534 1462 2586 viri
1494 2533 1805 2601 doctissimi,

162 2606 254 2674 qui
297 2606 422 2659 huic
467 2607 588 2662 loco
636 2608 951 2678 corrigendo
999 2627 1219 2677 operam
1269 2607 1550 2674 dederunt,
1595 2607 1651 2659 in
1700 2607 1805 2659 fine
1842 2622 1846 2625 *

162 2696 211 2730 v.
248 2679 356 2733 416
396 2681 814 2750 collocaverunt,
862 2682 929 2734 ad
963 2700 1123 2751 quam
1170 2682 1435 2734 rationem
1481 2681 1806 2733 fulciendam

163 2749 336 2804 facere
357 2759 470 2806 hon
491 2758 800 2824 potuerunt,
823 2756 954 2839 quin
974 2756 1236 2808 nonnulla
1251 2757 1538 2823 mutarent,
1560 2757 1804 2838 transpo-

164 2827 366 2892 nerent,
390 2827 658 2883 adderent.
705 2827 807 2881 Sed
832 2829 878 2881 si
902 2827 1156 2881 fuerunt'
1181 2848 1229 2880 v.
1253 2828 1358 2880 417
1387 2828 1806 2896 ascripserimUS,
