2020 3192
209 207 250 251 X
848 205 1207 250 PRAEFATIO.

209 332 412 380 inerunt
449 329 658 394 [nerunt
692 325 788 395 M]‚
827 326 961 392 quod
997 325 1061 377 ab
1098 326 1208 392 ipSo
1247 324 1482 378 ridentur
1504 323 1569 392 L,
1619 323 1762 377 Unde
1797 342 1848 376 n.

209 405 413 453 erratur
458 402 564 453 ord.
610 404 644 451 t.
685 399 754 468 S„
799 399 876 452 Et
917 415 1076 466 quare
1119 397 1476 451 subsannant?
1529 398 1853 450 meminerint

210 477 308 527 etc.
360 473 416 525 P.
500 473 649 526 Idem
702 473 759 526 in
807 473 986 525 adnot.
1031 489 1119 525 nec
1165 476 1334 535 erunt,
1388 472 1447 523 in
1500 489 1606 523 exc.
1661 475 1854 523 norunt

210 544 328 617 (pro
367 544 597 617 nerunt);
644 551 838 600 merent
872 545 1044 614 Lbch,
1084 564 1147 598 ex
1193 563 1298 613 qua
1344 545 1651 598 coniectura
1689 545 1849 596 lectio

209 622 396 673 nostra
424 620 667 689 profecta
698 623 803 689 est3
845 620 909 672 cf.
940 638 988 672 v.
1013 619 1112 671 37:
1152 619 1428 687 praebere,
1466 618 1682 670 fervunt
1709 617 1848 669 1018

208 694 329 746 alia.
381 724 442 731 —
508 693 651 748 Unde
698 711 749 747 n.
784 693 1039 761 probatur
1083 693 1188 745 ord.
1236 697 1268 744 t.
1315 690 1392 756 S„
1445 691 1517 744 Id
1562 708 1721 758 quare
1772 690 1850 744 a?

207 768 385 819 norint
415 769 512 820 etc.
536 766 586 819 R
623 767 725 820 hac
764 766 1162 820 constructione
1201 783 1353 818 usus:
1394 763 1474 827 ‘Q
1515 766 1852 817 subsannant

209 840 284 909 id,
330 840 471 892 unde
523 838 579 910 (i.
635 859 677 893 e.
732 841 796 893 de
846 838 976 910 quo)
1023 857 1166 891 nunc
1210 836 1504 907 probatur'.
1550 869 1623 876 -—
1669 857 1716 890 v.
1765 837 1850 889 59.

212 913 351 979 Quid
381 914 520 982 feeit,
568 915 734 981 Moys.
773 915 953 967 docuit.
1027 912 1153 964 Alia
1199 912 1442 980 exempla
1478 911 1758 963 indicativi
1796 910 1853 962 in

210 987 452 1039 oratione
508 988 727 1056 obliqua
779 987 942 1056 positi
1004 986 1124 1038 vide
1184 985 1242 1037 in
1294 985 1466 1037 indice
1521 984 1850 1036 Latinitatis.

211 1060 275 1112 cf.
308 1059 510 1112 Holtzii
544 1064 753 1130 syntax.
785 1061 943 1129 prisc.
978 1059 1158 1128 script.
1181 1058 1323 1111 Latt.
1347 1057 1402 1110 II
1426 1077 1475 1126 p.
1506 1058 1631 1126 110,
1662 1056 1853 1109 Haasii

211 1133 279 1185 ad
317 1133 517 1203 Reisig.
570 1153 621 1203 p.
676 1134 781 1186 597
842 1134 1022 1186 adnot.
1072 1133 1202 1201 504,
1257 1132 1376 1184 Ital.
1430 1132 1538 1184 428
1589 1149 1734 1199 seqq.
1781 1160 1851 1167 —-

209 1226 257 1259 v.
313 1208 398 1259 60.
451 1208 656 1275 Moyses
709 1206 788 1274 M,
843 1208 1016 1260 Moses
1071 1209 1163 1258 aut
1215 1205 1363 1258 Mose
1406 1205 1450 1257 P
1503 1205 1562 1256 in
1618 1222 1727 1257 exc.
1781 1233 1850 1240 —

209 1281 382 1333 docuit
400 1279 464 1349 R,
487 1282 683 1334 edocuit
702 1280 760 1332 M
784 1312 856 1318 --
879 1282 1109 1333 docemus
1131 1278 1204 1348 M,
1241 1280 1476 1332 doeemur
1498 1277 1541 1329 P
1566 1277 1623 1329 in
1647 1295 1756 1329 exc.
1781 1308 1849 1312 —

210 1373 257 1406 v.
299 1354 383 1406 61.
422 1371 511 1406 nee
548 1356 717 1407 doctor
753 1356 924 1407 iussus
962 1358 1023 1406 ut
1059 1370 1213 1406 essem
1252 1353 1315 1405 cf.
1354 1352 1476 1404 Ital.
1508 1352 1614 1403 427
1643 1369 1755 1419 sqq.
1786 1380 1849 1386 —-

211 1445 256 1479 v,
299 1427 383 1479 62.
430 1432 576 1481 canto
622 1428 688 1497 L,
742 1429 945 1495 quando
984 1426 1063 1495 Μ,
1108 1427 1286 1493 pando
1330 1426 1373 1478 P
1430 1455 1500 1462 ———
1553 1423 1620 1475 In
1666 1424 1852 1475 eodem

210 1518 366 1552 versu
395 1501 519 1552 libri
543 1502 897 1571 manuscripti
927 1501 1276 1553 oberrantibus
1300 1499 1618 1567 scripturam
1641 1497 1854 1563 retinui,

212 1592 372 1642 quam
411 1577 600 1626 contra
640 1575 964 1627 sententiam
1001 1591 1252 1642 pugnare*
1281 1572 1416 1624 mihi
1445 1590 1557 1624 non
1587 1569 1852 1638 persuasi3

212 1648 526 1699 oberrantes
588 1649 732 1700 enim
795 1650 1008 1700 austros
1080 1646 1240 1699 etiam
1303 1646 1673 1713 obstrepentes
1737 1660 1853 1694 esse

211 1720 369 1773 facile
417 1722 660 1773 concludi
706 1724 900 1789 potest.
990 1719 1072 1772 Ac
1124 1737 1193 1771 ne
1241 1717 1586 1786 obstrependi
1639 1715 1853 1785 quidem

213 1793 659 1862 significationem
696 1812 794 1848 nos
834 1811 1074 1863 premere
1114 1795 1348 1861 oportet,
1391 1791 1516 1859 quia
1554 1791 1663 1841 iam
1703 1789 1854 1841 ober-

211 1870 391 1919 rantes
445 1868 595 1920 venti
647 1868 751 1920 huc
798 1870 959 1936 atque
1004 1867 1133 1918 illuc
1179 1870 1342 1918 verba
1387 1868 1574 1916 vatum
1619 1863 1854 1930 rapiunt,

211 1943 274 1991 ut
325 1959 437 1994 non
492 1941 791 1993 audiantur.
867 1940 1238 1993 oblatrantibus
1285 1938 1357 2006 Β,
1409 1938 1552 1990 idem
1605 1937 1662 1987 in
1716 1954 1853 1988 com-

213 2017 375 2066 ment.
422 2015 818 2083 obloquentibus,
873 2013 1286 2081 obstrepentibu3‚
1340 2009 1735 2064 obturbantibus.
1781 2038 1851 2046 —

213 2086 392 2139 Pitrae
431 2088 533 2141 hoc
571 2090 689 2140 loco
729 2088 991 2140 nonnulla
1030 2088 1212 2139 deesse
1251 2085 1594 2153 videbantur,
1642 2082 1704 2135 cf.
1746 2101 1855 2136 exc.

215 2160 281 2212 ad
321 2180 366 2213 v.
409 2163 493 2214 62.
537 2192 600 2198 —
642 2180 689 2214 v.
731 2161 815 2214 65.
854 2161 1102 2214 revocavi
1139 2159 1636 2212 Mediomontanam
1673 2156 1854 2209 lectio-

213 2253 337 2287 nem
398 2237 706 2304 tempestiva,
767 2254 930 2304 quam
990 2236 1121 2303 puto
1184 2232 1637 2300 compendiariam
1699 2247 1851 2280 serm.

214 2308 352 2376 pleb.
398 2308 628 2362 formam
676 2326 790 2360 esse
836 2308 1071 2361 nominis
1125 2305 1519 2374 tempestativa.
1603 2303 1668 2354 cf.
1719 2320 1853 2370 quae

215 2382 278 2433 de
331 2381 433 2434 hac
477 2400 534 2434 re
573 2381 813 2434 Paucker
857 2382 916 2433 in
962 2381 1100 2432 libro
1149 2379 1212 2431 de
1258 2378 1454 2430 latinit.
1501 2375 1680 2443 script.
1726 2375 1853 2427 hist.

214 2455 352 2523 Aug.
391 2474 441 2522 p.
483 2456 551 2508 76
592 2473 705 2523 sqq.
783 2454 1058 2522 disseruit3
1107 2453 1395 2519 tempestiva
1434 2447 1852 2502 Commodianus

216 2529 430 2596 scripsit
466 2547 564 2597 pro
605 2532 934 2595 tempestates,
972 2529 1033 2579 ut
1071 2523 1354 2595 ‘legitima'
1393 2541 1491 2592 pro
1532 2521 1653 2574 ‘lex'
1692 2520 1853 2574 Instr.

220 2602 273 2669 1,
320 2602 416 2665 27,
464 2604 519 2670 33
576 2601 640 2654 cf.
686 2601 1052 2671 legitimorum
1100 2598 1342 2651 custodia
1379 2595 1550 2648 Hilar.
1595 2596 1653 2648 in
1702 2597 1853 2662 epist.

217 2674 284 2727 ad
323 2673 437 2726 Gal.
473 2674 594 2745 (78)
633 2694 683 2743 p.
716 2676 788 2728 95
827 2675 907 2727 ed.
936 2674 1064 2726 Pitr.
1105 2671 1378 2743 (Spicileg.
1409 2673 1447 2722 t.
1478 2667 1544 2738 I).
1586 2699 1656 2706 --
1695 2687 1742 2720 v.
1769 2669 1853 2721 66.

215 2765 316 2801 sese
360 2747 403 2799 P
449 2748 506 2799 in
552 2767 682 2816 exc„
726 2765 778 2801 se
821 2747 879 2800 M
931 2779 993 2785 —
1043 2765 1092 2799 v.
1131 2745 1217 2798 69.
1254 2743 1477 2812 Iynavia
1504 2743 1685 2809 pueris
1729 2758 1854 2808 opus

217 2826 309 2885 est,
354 2838 459 2874 non
505 2826 628 2874 certe
672 2821 891 2874 robustis
936 2820 1007 2872 M.
1093 2818 1371 2888 Significat
1419 2815 1571 2883 ‘opus
1612 2813 1710 2868 est'
1751 2816 1853 2867 hoc
