2020 3192
757 210 1115 256 PRAEFATIO.
1544 209 1759 255 XXXVII

113 335 294 402 iniquo
332 335 391 387 in
430 338 478 402 t.,
515 333 548 385 i.
587 350 652 385 e.:
707 331 908 400 eUsque
954 331 1087 384 adeo
1133 330 1415 382 tabescant
1460 330 1619 382 corda
1665 348 1757 398 po-

115 410 352 474 tentum,
398 409 460 459 ut
496 425 626 475 prae
665 404 917 474 angustia
956 407 1193 456 amentes
1203 444 1215 468 ,
1264 420 1365 456 nec
1403 407 1571 456 semet
1610 403 1756 455 adin-

116 481 360 549 veniant,
406 479 616 533 stolidis
663 478 864 531 similes
910 481 963 530 et
1002 477 1270 540 attonitis,
1316 477 1372 528 in
1418 477 1510 529 illo
1552 495 1758 528 aerum-

118 573 253 608 noso
292 552 566 622 tempore.9
642 553 731 605 sed
780 548 1035 604 intereunt
1077 552 1374 616 iniquorum
1427 554 1643 617 tempore
1687 550 1757 602 br.

118 627 288 695 Lbch,
348 627 441 695 qui
500 626 672 678 brutos
733 624 836 676 sibi
896 623 1167 692 persuasit
1228 641 1343 675 esse
1407 623 1754 677 Christianos,

118 700 448 753 Roenschius
488 698 775 751 secundam
798 696 978 749 Pitrae
1017 697 1378 750 coniecturam
1419 700 1629 749 secutus
1655 697 1759 748 alia

119 773 563 842 interpretatione
602 789 732 824 usus
772 774 876 840 est3
916 771 1058 823 hunc
1098 770 1240 822 enim
1279 770 1458 823 locum
1497 770 1758 840 originem

117 850 268 899 ratus
315 846 528 898 duxisse
575 863 640 897 ex
686 862 833 912 apoc.
886 845 975 912 17,
1019 844 1086 896 16
1134 861 1247 912 sqq.
1298 843 1567 896 concludit
1623 844 1760 895 bru-ti

118 921 260 972 idem
298 938 413 972 esse
453 937 515 971 ac
551 918 653 971 τοῦ
681 920 893 987 θηρίου
931 915 1108 986 (,‚Und
1133 918 1208 970 sie
1231 917 1449 970 konnen
1472 916 1582 968 sich
1609 916 1759 968 nicht

117 994 305 1046 darein
342 993 521 1045 finden
558 992 616 1043 in
654 992 738 1044 die
762 991 1087 1044 unheilvolle
1110 989 1227 1042 Zeit
1258 991 1350 1042 des
1376 989 1663 1059 Thieres“).
1686 1019 1760 1027 —-

117 1085 167 1120 v.
199 1067 324 1119 914.
361 1067 508 1119 Haec
530 1105 542 1117 .
569 1107 579 1118 .
598 1065 852 1133 gaudebat
882 1063 965 1128 M,
1003 1064 1085 1116 Ha·
1108 1105 1120 1116 .
1146 1105 1156 1116 .
1176 1064 1468 1131 gaudebant
1497 1063 1662 1116 Lbch.
1688 1093 1756 1101 —-

117 1159 165 1192 v,
204 1140 326 1192 915.
371 1140 631 1192 inventtar
673 1138 739 1206 L,
788 1139 1116 1190 adinvenitur
1161 1137 1234 1189 M.
1307 1137 1609 1189 Paucorum
1648 1155 1760 1189 ver-

119 1214 309 1265 borum
348 1213 579 1280 spatium
618 1212 784 1263 distat
822 1210 1209 1263 ‘adinveniunt'
1249 1207 1318 1279 (v.
1357 1210 1514 1279 913),
1561 1227 1665 1278 quo
1712 1228 1759 1263 V.

114 1285 417 1354 composito
463 1285 716 1338 librarius
762 1284 814 1336 h.
863 1285 898 1336 l.
952 1285 1010 1336 in
1062 1302 1298 1336 errorem
1350 1282 1598 1335 inductus
1654 1285 1758 1336 est:

116 1360 275 1412 metri
323 1360 530 1411 ratione
579 1356 919 1426 impedimur,
972 1375 1041 1409 ne
1086 1358 1258 1410 adinv.
1303 1357 1640 1424 recipiamus,
1692 1387 1754 1394 --

117 1451 166 1485 v.
209 1433 331 1485 916.
371 1437 631 1485 aeternam
669 1430 735 1499 L,
780 1435 986 1483 aeterna
1023 1430 1096 1483 M.
1139 1461 1202 1468 —
1246 1449 1293 1483 v.
1331 1430 1439 1482 918
1481 1449 1558 1499 sq.
1596 1435 1760 1482 matu-

115 1523 256 1573 ram,
295 1505 397 1558 Sed
432 1504 498 1572 L,
535 1509 770 1557 maturus
806 1508 855 1556 et
890 1503 962 1556 M.
1009 1535 1079 1541 -
1126 1523 1174 1557 v.
1213 1503 1337 1556 919.
1382 1521 1565 1556 merces
1610 1505 1758 1556 adve-

117 1579 264 1631 nient
293 1578 364 1644 M,
390 1577 631 1631 ‘merces'
670 1578 894 1646 pluralis
932 1596 984 1629 n.
1022 1577 1200 1630 forma
1239 1579 1344 1644 est,
1383 1577 1449 1629 cf.
1483 1574 1759 1629 Claudian.

119 1650 198 1703 VI
236 1670 379 1704 cons·
418 1650 623 1704 Honor.
652 1651 784 1703 678:
824 1669 1078 1719 mercem3
1118 1650 1277 1703 Orell.
1315 1651 1472 1702 inser.
1510 1669 1564 1702 n.
1586 1650 1755 1703 4379:

115 1724 321 1792 herem,
375 1723 749 1777 Commodiani
792 1723 953 1777 Instr.
1006 1725 1065 1792 2,
1116 1725 1203 1793 11,
1255 1724 1324 1776 14
1371 1724 1637 1792 satellem3
1694 1724 1759 1776 cf.
1797 1750 1805 1755 ·

116 1801 394 1864 praeterea
440 1798 705 1867 exempla,
760 1815 894 1866 quae
941 1796 1092 1851 Neue
1131 1797 1158 1850 I
1203 1817 1254 1866 p.
1298 1798 1402 1850 143
1451 1797 1647 1849 attulit.
1687 1827 1756 1834 —-

114 1888 300 1924 merces
338 1873 565 1924 adveniet
590 1871 649 1924 P.
693 1902 756 1909 —
788 1872 994 1938 partita
1032 1872 1253 1924 locorum
1289 1874 1452 1939 poeta
1491 1871 1625 1923 dixit
1661 1889 1756 1938 pro

115 1943 339 2012 ‘partita
390 1943 550 2013 loca'‚
604 1945 669 1997 cf.
722 1945 970 1997 universa
1022 1944 1159 2014 legis
1207 1944 1337 2012 949,
1390 1944 1572 1997 omnia
1623 1945 1757 2012 legis

116 2017 280 2070 Instr.
321 2019 374 2084 1,
412 2018 505 2080 42,
544 2018 631 2086 28,
667 2018 804 2087 legis
841 2022 1061 2070 narrata
1103 2020 1156 2086 1,
1194 2018 1288 2082 42,
1327 2018 1413 2070 21.
1455 2047 1519 2054 -
1563 2036 1611 2070 v.
1635 2017 1758 2069 921.

119 2090 278 2156 Quem
307 2089 379 2158 M,
419 2090 550 2143 Cum
572 2090 615 2142 P
654 2091 713 2143 in
751 2109 859 2143 exc.
899 2122 968 2129 ——
1006 2095 1298 2158 spectarant
1332 2089 1399 2159 L,
1436 2094 1665 2157 spectant
1685 2089 1758 2158 M,

115 2164 408 2230 spectabant
448 2163 615 2217 Lbch.
670 2195 733 2201 —
782 2183 828 2216 v.
875 2163 998 2216 925.
1048 2166 1108 2217 de
1150 2163 1371 2217 Persida
1417 2161 1550 2233 (abl.
1597 2162 1757 2233 sing.)

3 2272 13 2321 ³2
118 2235 175 2288 M
185 2258 198 2306 3
239 2237 460 2290 eandem
499 2237 872 2290 declinationis
911 2237 1180 2294 rationem
1220 2237 1561 2307 agnoscimus
1593 2237 1650 2288 in
1672 2237 1756 2288 his

5 2322 9 2325 “
116 2310 327 2363 formis:
382 2310 682 2380 Palladam,
734 2310 984 2377 Iliadam,
1037 2310 1363 2377 Briseidam,
1419 2310 1756 2363 Tritonidam

0 2448 7 2451 ψ
118 2383 265 2452 aliie,
315 2403 363 2438 v.
401 2382 550 2437 Neue
595 2384 622 2437 I
667 2403 718 2453 p.
757 2385 1029 2437 329—34
1076 2388 1129 2437 et
1164 2384 1230 2437 It.
1268 2403 1319 2453 p.
1359 2383 1645 2437 258—59.
1685 2413 1755 2421 —

118 2475 165 2509 V.
215 2457 340 2510 926.
388 2458 558 2523 factas
602 2458 976 2527 Antichristus‘,
1029 2458 1115 2511 ille
1157 2457 1266 2526 Εἰ),
1319 2456 1361 2509 Ρ
1414 2459 1539 2526 post
1582 2456 1756 2509 factus

0 2570 13 2606 3
118 2548 328 2582 comma
364 2531 670 2599 posuit.·—
709 2551 757 2585 v.
789 2532 911 2584 933.
961 2531 1030 2586 Ut
1062 2531 1208 2585 Deus
1237 2531 1310 2600 M,
1358 2530 1426 2584 Ut
1461 2530 1605 2583 Deus
1643 2534 1756 2583 tan-

6 2634 9 2639 Δ
116 2604 229 2656 dem
267 2603 310 2655 P
349 2604 407 2656 in
446 2623 570 2674 exc„
618 2605 686 2659 Ut
720 2604 982 2659 Dominus
1003 2604 1167 2657 Lbch.
1210 2635 1273 2643 —
1316 2624 1363 2657 v.
1403 2604 1525 2657 924.
1549 2604 1662 2656 dixi
1683 2603 1756 2668 M,

6 2683 12 2725 ζ
116 2677 252 2729 dixit
286 2676 350 2729 R.
391 2708 460 2715 —-
500 2697 548 2731 v.
587 2678 694 2732 938
737 2697 812 2748 sq.
850 2679 1039 2746 redeyit
1073 2683 1132 2730 ut
1174 2683 1356 2747 essent,
1399 2678 1490 2730 Ex
1524 2678 1758 2731 duodena

6 2775 12 2815 1
120 2750 255 2802 triba
291 2768 467 2804 novem
506 2753 650 2818 [nove
686 2751 767 2818 M]
806 2753 958 2805 semis
993 2753 1068 2805 ibi
1105 2757 1375 2805 morantur
1410 2750 1517 2815 Eb,
1555 2751 1755 2818 redeyit,

118 2826 178 2873 ut
220 2828 380 2876 essent
414 2825 503 2877 Ex
538 2827 586 2878 d.
624 2829 686 2877 tr.
724 2826 1012 2878 novissimi:
1060 2825 1130 2878 ibi
1167 2842 1290 2878 mor.
1330 2825 1387 2877 P.
1431 2845 1508 2862 —*
1545 2842 1591 2876 v.
1630 2824 1755 2877 940.
