2020 3192
277 178 514 222 XXXVHI
913 179 1270 224 PRAEFATIO.

276 301 363 352 sed
397 315 554 367 neque
591 299 659 369 L,
697 302 784 354 sed
819 318 961 354 neme
997 301 1078 372 M,
1116 303 1202 355 sed
1237 316 1325 356 nec
1362 297 1423 372 P,
1462 298 1549 357 scd'
1583 306 1795 358 nemesis
1833 306 1916 358 vel

276 375 363 426 sed
398 390 516 426 neve
553 373 621 426 id.
661 374 716 426 in
765 374 896 444 adn.,
933 377 1020 428 sed
1054 377 1251 428 nemini
1287 376 1354 429 D.
1407 406 1471 414 —-
1522 396 1569 429 v.
1609 378 1732 429 941.
1775 379 1917 445 silius
2007 386 2010 388 ’

276 464 393 499 suos
435 449 577 512 [suus
605 447 684 513 M]
723 453 841 501 ante
861 453 1103 516 parentes
1133 449 1234 503 Eb.
1274 480 1343 486 —
1383 469 1431 503 v.
1470 451 1595 503 942.
1634 451 1815 518 luyunt
1842 451 1916 520 M,

279 521 449 587 Zuyent
469 519 528 590 Ρ,
569 521 662 572 sed
699 521 758 573 in
789 540 897 574 exc.
923 523 1106 590 luyunt
1125 523 1396 592 probavi&
1436 523 1501 576 of.
1524 524 1725 593 lugitis,
1747 525 1920 594 lugite

276 592 490 646 Firmio.
530 593 660 646 Mat.
685 613 783 647 err.
807 596 945 663 prof.
983 615 1023 648 r.
1065 597 1113 663 8,
1153 597 1200 649 3.
1239 598 1289 649 4.
1329 597 1443 650 cod.
1467 596 1657 666 Vatia,
1696 617 1744 651 v.
1768 596 1919 650 Neue
1991 645 1997 658 ,

277 666 335 725 ΙΙ
371 667 478 719 428
514 669 566 719 et
596 667 660 720 It.
701 669 824 722 283.
863 698 931 706 -—
973 688 1020 721 v.
1061 670 1183 722 943.
1228 671 1610 737 Expectantque
1647 673 1807 723 vitam
1844 689 1919 724 re-

277 742 728 808 surrectionemque
750 741 921 811 Lboh,
959 743 1097 810 Exp.
1135 745 1379 810 quoniam
1415 746 1923 811 resurrectionemque

278 813 350 883 Μ,
388 814 524 881 Eoep.
555 816 714 867 vitam
736 818 1242 884 resurrectionemque
1270 817 1330 881 P,
1367 818 1530 885 Exsp.
1561 819 1807 884 quoniam
1843 836 1920 871 re-

277 889 638 940 surrectionem
683 888 748 940 R.
804 920 873 925 ——
928 908 974 942 v.
1025 890 1148 942 944.
1194 891 1394 943 animal
1445 891 1612 943 ullum
1655 896 1923 944 vescuntur

278 962 470 1013 additis
501 963 624 1013 escis
663 961 722 1029 Ρ,
760 963 994 1014 animam
1031 963 1196 1015 ullam
1233 981 1277 1015 v.
1316 964 1549 1015 additam
1587 965 1709 1016 escis
1746 964 1809 1016 R..
1850 995 1919 1001 —-

278 1051 326 1085 v.
373 1034 495 1086 945.
542 1035 753 1086 olera..
778 1074 789 1086 .
813 1036 919 1087 sint
962 1034 1011 1086 R
1025 1074 1041 1102 ,
1089 1036 1227 1088 olera
1251 1079 1262 1088 .
1289 1077 1300 1088 .
1325 1038 1431 1089 ,sit
1474 1035 1546 1088 M.
1595 1067 1662 1073 —-
1710 1056 1757 1088 v.
1797 1037 1920 1090 946.

278 1107 491 1159 inlibato
539 1107 610 1175 Ρ,
660 1108 874 1161 inlivato
912 1107 984 1160 M.
1031 1139 1101 1146 —
1151 1128 1198 1162 v.
1239 1109 1363 1161 949.
1412 1109 1767 1176 Obternperant
1801 1127 1920 1177 quo-

278 1181 424 1232 niam
461 1182 700 1233 universa
730 1180 790 1250 L,
828 1182 1260 1249 obtemperantque
1295 1184 1534 1235 universa
1557 1182 1630 1246 M,
1672 1183 1922 1250 Obternpe-

278 1258 494 1320 rantque
552 1253 655 1306 Dei
707 1271 794 1306 un.
847 1254 997 1307 Lbch
1007 1297 1021 1324 ,
1085 1254 1361 1308 Observant
1411 1257 1654 1322 quoniam
1707 1274 1792 1308 un.
1848 1256 1919 1324 R,

281 1326 419 1394 ‘que'
476 1329 529 1378 et
576 1326 867 1395 ‘quoniam'
918 1329 1140 1380 vocibus
1196 1329 1419 1381 eandem
1469 1329 1921 1397 compendiariam

281 1400 601 1468 scripturam
649 1394 814 1452 fuisse
852 1404 995 1453 recte
1034 1401 1083 1453 R
1121 1402 1352 1471 monuit,
1399 1402 1463 1454 cf.
1513 1402 1674 1454 etiam
1711 1421 1759 1455 v.
1797 1403 1921 1471 943,

282 1491 386 1542 quo
414 1473 557 1526 >loco
599 1473 739 1542 ‘que'
789 1475 1079 1526 eruendum
1126 1478 1258 1527 erat.
1344 1475 1699 1542 Obtemperant
1743 1478 1920 1527 autem

281 1547 499 1615 retinui,
552 1565 680 1598 nam
736 1550 790 1599 615
843 1548 947 1600 hoo
1000 1549 1223 1600 verbum
1277 1551 1331 1600 et
1378 1548 1571 1600 similia
1620 1549 1920 1600 accusativo

278 1620 612 1687 pronominis
665 1621 750 1672 vel
805 1620 1053 1673 adiectivi
1106 1639 1228 1690 gen.
1247 1633 1253 1635 “
1272 1625 1444 1673 neubr.
1491 1622 1803 1690 iunguntur.
1850 1651 1920 1675 .—-

281 1711 326 1744 v.
367 1693 489 1745 951.
538 1694 719 1745 aderat
762 1693 841 1762 Μ,
888 1695 1054 1746 aderit
1098 1694 1156 1747 P.
1203 1725 1274 1731 ——
1321 1714 1369 1747 v.
1409 1694 1532 1746 952.
1577 1694 1685 1746 Hic
1728 1695 1827 1746 erit
1863 1693 1920 1757 P,

280 1766 389 1818 Hie
418 1770 530 1818 erat
550 1765 608 1818 M
645 1797 718 1803 ——
756 1771 830 1819 est
865 1772 1010 1820 extra
1046 1771 1274 1834 repostus
1295 1767 1355 1835 P,
1393 1772 1466 1820 est
1500 1772 1647 1820 extra
1675 1768 1923 1834 repositus

281 1838 360 1906 Μ,
414 1841 662 1906 repositus
713 1845 858 1892 extra
909 1840 1095 1909 Lboh.;
1145 1841 1207 1893 of.
1261 1843 1507 1909 repostus
1561 1841 1773 1892 Iuvenc.
1828 1841 1921 1892 sel.

280 1913 471 1981 fragm.
517 1931 570 1965 v.
612 1913 720 1965 514
768 1914 845 1965 ed.
891 1913 1044 1981 Pitr„
1097 1917 1283 1982 postos
1333 1914 1456 1966 ibid.
1504 1933 1550 1966 v.
1597 1913 1727 1981 938,
1781 1932 1921 1965 com-

280 1988 441 2053 posta
486 1985 654 2039 Exod.
702 2006 749 2039 V.
799 1987 957 2039 1314.
1010 1987 1114 2040 Ios.
1161 2006 1243 2039 vv.
1291 1988 1377 2040 64.
1415 1987 1540 2040 212.
1588 2017 1656 2023 —
1705 2005 1751 2038 v.
1799 1986 1921 2039 955.

281 2059 537 2111 exsultant
572 2059 646 2128 R,
685 2061 879 2113 exultat
914 2060 984 2112 M.
1023 2092 1094 2098 —
1134 2080 1178 2114 v.
1220 2060 1342 2114 958.
1379 2061 1544 2126 fontes
1582 2064 1861 2127 exsuryunt
1897 2077 1923 2117 e

281 2150 332 2184 se
378 2134 560 2199 parati
604 2132 668 2197 L,
719 2134 762 2200 f.
814 2151 913 2187 eccs.
961 2151 1096 2187 escae
1138 2136 1323 2201 parati
1359 2133 1492 2200 MP,
1542 2134 1582 2199 f.
1632 2150 1733 2185 eccs.
1787 2150 1923 2185 escae

272 2210 494 2273 paratae
531 2205 594 2257 R.
643 2237 711 2244 —
760 2226 807 2259 v.
848 2208 971 2260 960.
1020 2209 1257 2260 umbram
1302 2208 1409 2260 iltis
1454 2207 1524 2274 L,
1570 2206 1921 2258 umbraculum

281 2280 389 2331 illis
426 2279 497 2331 M.
570 2278 865 2332 Clamitant
902 2282 1112 2333 numeri
1149 2281 1291 2333 hunc
1329 2300 1376 2333 v.
1417 2279 1612 2332 codicis
1652 2296 1761 2330 non
1799 2295 1919 2329 eum

283 2370 420 2420 esse,
475 2353 565 2421 qui
613 2371 644 2405 a
691 2352 1073 2407 Commodiano
1127 2353 1454 2421 compositus
1507 2351 1590 2404 sit.
1682 2350 1922 2419 Adparet

283 2425 613 2493 deperditam
652 2426 777 2478 libri
815 2427 1103 2479 lectionem
1142 2426 1441 2494 profectam
1465 2442 1579 2476 esse
1604 2441 1630 2475 e
1657 2424 1922 2492 scriptura

282 2499 513 2566 repetita
550 2500 658 2552 illis
694 2498 727 2566 (
719 2500 1008 2552 umbratillis
1046 2500 1191 2567 illis).
1236 2529 1298 2535 --
1341 2517 1387 2551 v.
1428 2498 1551 2550 966.
1591 2498 1766 2564 Neque
1798 2515 1921 2564 yens

283 2571 346 2639 L,
395 2572 500 2623 Nec
548 2573 667 2640 leyis
704 2571 783 2641 M,
830 2573 936 2625 Nec
975 2589 1099 2640 yens
1135 2571 1195 2624 P.
1239 2602 1301 2607 —
1344 2590 1390 2623 v.
1431 2571 1552 2623 969.
1602 2571 1814 2622 viduant
1850 2570 1921 2638 M,

282 2661 375 2710 que
420 2644 622 2697 addidit
666 2645 831 2698 Lboh.
880 2676 946 2682 --
995 2665 1041 2698 v.
1089 2646 1211 2697 970.
1267 2644 1726 2711 locupletanturque
1768 2661 1920 2710 prae-

283 2718 450 2769 dando
496 2717 574 2786 M,
622 2719 987 2785 locupletantur
1021 2719 1200 2786 praed.
1246 2716 1409 2770 Lboh.
1456 2749 1527 2754 —-
1574 2735 1621 2768 v.
1668 2717 1790 2768 971.
1826 2733 1923 2782 per

283 2792 378 2861 {ter
416 2790 524 2843 Deo
564 2796 776 2844 cantant
810 2792 982 2861 Lbch,
1018 2793 1312 2859 pariterque
1350 2792 1620 2844 decantant
1655 2788 1735 2859 M,
1781 2789 1920 2842 forte
