2020 3192
251 147 337 191 XX
890 148 1248 196 PRAEFATIO.

251 285 370 321 caro
401 268 739 332 descenderat,
769 268 828 320 in
849 285 953 335 qua
975 267 1041 338 L,
1070 269 1120 321 Ι.
1143 286 1182 322 c.
1213 270 1409 323 deserat
1430 271 1528 322 ete.
1551 268 1674 336 M,.
1703 271 1893 326 .Deus

251 345 363 394 erat
399 344 497 394 etc.
533 341 602 409 P,
645 341 865 394 desierat
898 340 942 393 P
979 341 1038 394 in
1076 359 1207 410 exc„
1251 343 1514 395 deseratur
1550 342 1725 411 Lbeh,
1771 363 1891 398 cum

257 415 333 467 sic
371 382 625 467 verbere-31⁷2.
663 409 977 483 „Nunmehr
1007 415 1142 467 wird
1172 415 1267 468 das
1298 414 1513 469 Fleisch
1544 417 1893 486 erschlossen,

252 487 301 540 d.
332 488 384 540 h.
423 487 517 540 der
545 486 676 540 Leib
709 487 802 540 der
831 487 1054 541 Mariam
1043 485 1309 557 ,eidem
1294 508 1352 542 m
1382 492 1618 542 mentem
1649 494 1892 544 venerat:
1959 516 1974 521 ι

252 563 340 615 sed
374 565 507 630 erat3
551 561 730 615 verbus
767 566 898 626 erat,
943 563 1003 614 in
1031 579 1130 629 quo
1167 562 1231 617 R.
1306 563 1389 616 Ea
1437 566 1616 616 autem
1661 564 1892 617 lectione

253 634 462 687 abiecta
495 602 702 703 ’postea
755 637 848 688 aui:
891 636 1110 689 desierat
1151 637 1208 689 in
1252 653 1357 704 qua
1409 654 1529 689 cum
1575 636 1726 690 Pitra
1776 655 1892 691 esse
1992 646 1999 661 ⁸

250 708 539 778 legendum
570 709 783 777 putavit
814 711 907 761 aut
936 711 1171 763 desuerat
1190 708 1311 781 (pro
1337 708 1672 781 desueverat)
1695 712 1755 763 in
1776 728 1894 778 qua.

258 812 320 819 ——
364 800 413 835 V.
452 782 577 835 281.
615 781 665 834 R
702 782 763 835 in
799 783 1111 851 parenthesi
1149 783 1316 852 dedit,
1362 786 1425 836 ut
1469 784 1741 837 laboranti
1778 802 1892 837 sen-

250 855 450 908 tentiae
506 855 839 924 subveniret,
891 857 1082 924 ayebat.
1144 856 1284 922 Quid
1326 860 1422 910 etc.
1468 859 1762 926 videndum,
1815 858 1895 911 ed.

250 929 514 998 princeps,
555 960 623 966 —-
663 948 712 981 v.
750 930 875 983 282.
931 928 999 983 Ut
1042 931 1234 982 caritas
1279 934 1426 982 tanta
1463 930 1507 981 P
1545 931 1604 982 in
1643 949 1774 999 exc„
1828 929 1898 984 Ut

250 1003 497 1055 alacritas
551 1006 690 1054 tanto
729 1000 809 1071 Μ,
872 1001 942 1056 Ut
987 1003 1200 1055 claritas
1253 1007 1399 1055 tanta
1442 1002 1505 1055 R.
1558 1033 1632 1041 —
1684 1022 1732 1055 v.
1771 1004 1895 1057 283.

241 1076 532 1143 prosilisset
567 1076 625 1128 in
661 1092 795 1128 nova
833 1075 934 1144 leye
970 1075 1050 1145 Μ,
1097 1076 1166 1128 ad
1204 1075 1544 1144 ‘prosilisset'
1583 1075 1704 1130 vide
1743 1075 1896 1130 Neue

250 1148 307 1201 II
344 1168 394 1218 p.
432 1149 750 1217 482-484;
793 1149 853 1202 in
896 1166 1083 1203 novam
1129 1150 1281 1217 leyem
1319 1150 1363 1201 P
1409 1150 1468 1201 in
1514 1168 1646 1218 exc„
1692 1150 1785 1203 sed
1831 1150 1894 1203 cf.

251 1222 409 1275 indic.
459 1241 498 1275 s.
546 1241 595 1276 v.
641 1220 753 1275 in'.
804 1253 868 1260 —
919 1241 968 1276 v.
1020 1223 1145 1276 286.
1191 1221 1455 1276 Credidere
1500 1191 1683 1276 omnes.
1761 1223 1900 1289 Quid

241 1295 493 1364 propheta
530 1297 665 1349 dixit
699 1296 933 1349 Esaias?
971 1295 1041 1365 L,
1079 1297 1354 1361 credidere,·
1402 1298 1610 1349 omnino
1647 1297 1783 1363 quod
1807 1314 1893 1363 pr.

251 1370 299 1423 d.
344 1369 540 1423 Esaias
584 1369 664 1438 Μ,
719 1368 1057 1422 Orediderunt
1098 1371 1305 1423 omnino
1350 1371 1487 1437 quod
1529 1372 1628 1423 ete.
1674 1369 1741 1438 P,
1794 1386 1895 1422 cre-

250 1443 426 1496 derent
474 1443 616 1499 idem
671 1443 912 1496 coniecit.
976 1473 1041 1480 -
1105 1462 1153 1496 v.
1206 1443 1331 1496 289.
1384 1443 1461 1496 Et
1510 1444 1588 1495 ait
1641 1447 1896 1495 terrarum

253 1521 424 1570 testem
460 1516 529 1584 L,
566 1517 644 1570 Et
677 1517 810 1570 alter
834 1555 845 1569 .
872 1557 884 1569 .
909 1520 1116 1571 ‚testem
1153 1516 1234 1585 M,
1270 1517 1349 1569 Et
1383 1517 1514 1569 alter
1551 1517 1731 1570 cecinit
1766 1521 1799 1568 t.
1837 1516 1896 1585 P,

254 1591 332 1643 Et
379 1590 531 1643 aliter
584 1590 693 1656 [vel
736 1590 884 1656 alibi]
940 1591 1120 1643 cecinit
1154 1594 1187 1642 t.
1224 1590 1287 1642 R.
1346 1620 1408 1626 —
1465 1609 1513 1643 v.
1552 1590 1675 1642 293.
1721 1588 1809 1642 Sic
1852 1593 1901 1642 et

244 1663 575 1734 patriarchae
611 1663 768 1716 Iacob
804 1662 875 1732 R,
919 1662 1008 1717 Sic
1052 1667 1100 1716 et
1124 1662 1432 1730 patriarcha
1468 1662 1517 1714 Ι.
1555 1661 1636 1730 Μ,
1681 1661 1770 1715 Sic
1796 1679 1895 1729 pa-

254 1736 484 1790 triarcha
526 1737 574 1789 I.
612 1736 669 1788 P.
721 1767 784 1774 -
837 1755 886 1789 v.
933 1735 1057 1790 295.
1094 1737 1391 1804 praelatum
1436 1734 1513 1804 H,
1564 1752 1747 1788 nomen
1792 1736 1898 1788 nisi

256 1809 448 1864 Christi
483 1810 751 1877 praelator
787 1808 868 1879 M,
913 1827 964 1862 n.
1002 1814 1076 1862 est
1110 1827 1161 1862 n.
1202 1808 1256 1863 O.
1295 1810 1560 1876 prolatum
1595 1807 1663 1876 P,
1710 1809 1801 1877 qui
1839 1809 1898 1860 in

255 1902 364 1936 exc.
415 1901 536 1936 cum
583 1883 763 1936 codice
799 1883 1068 1950 praelator
1104 1883 1296 1936 maluit
1341 1882 1532 1951 „quasi
1567 1883 1899 1949 praeferatur

256 1960 350 2010 aut
379 1955 729 2023 proferatur“!
768 1961 1091 2024 praestatum
1112 1956 1175 2009 R.
1220 1986 1283 1993 -
1326 1975 1374 2008 v.
1400 1955 1504 2008 297
1511 1997 1522 2008 .
1551 1973 1652 2023 pro
1684 1960 1899 2022 tempore

255 2047 396 2084 casso
433 2030 506 2100 R,
543 2046 727 2097 quasso
764 2029 837 2082 Μ.
878 2061 945 2067 -
986 2049 1033 2082 v.
1066 2030 1188 2083 299.
1227 2029 1373 2082 Haec
1409 2030 1664 2096 speranda
1700 2046 1751 2081 n.
1787 2044 1899 2095 spes

255 2103 336 2172 M,
374 2103 448 2156 H.
495 2104 783 2172 quaerenda
820 2103 985 2156 Lbch
1032 2135 1100 2141 —
1146 2104 1464 2186 sempiterno·
1491 2103 1712 2168 frunisci
1750 2101 1793 2153 P
1839 2101 1898 2153 in

255 2195 366 2230 exc.
405 2180 459 2229 et
495 2177 662 2246 praef.
699 2197 751 2246 p.
790 2176 945 2247 XIX,
987 2178 1213 2243 fruenda
1261 2177 1403 2229 idem
1449 2176 1506 2227 in
1553 2175 1730 2228 adnot.
1775 2191 1896 2226 con-

257 2251 468 2303 iecerat.
507 2252 816 2318 sempiterna
849 2252 1074 2316 frunisci
1112 2250 1184 2318 R3
1236 2250 1299 2301 de
1339 2250 1457 2302 adv.
1493 2249 1794 2314 sempiterno
1833 2246 1896 2298 ef.

257 2323 408 2377 Neue
447 2323 503 2377 II
542 2323 672 2392 6453
711 2324 775 2376 de
810 2324 1034 2389 frunisci
1071 2323 1137 2376 ef.
1172 2291 1408 2374 frunitus
1448 2323 1531 2373 est
1566 2320 1779 2372 Petron.
1811 2320 1898 2386 43,
1942 2335 1956 2392 J

257 2397 522 2450 fruniscar
574 2397 701 2451 ibid.
747 2397 843 2466 44,
895 2396 1206 2448 frunisearis
1257 2395 1382 2447 ibid.
1432 2393 1514 2446 75.
1563 2423 1631 2431 —
1678 2412 1726 2445 v.
1775 2393 1897 2445 300.

255 2472 464 2538 frayilis
486 2471 582 2523 cito
611 2470 671 2535 P,
704 2470 890 2537 frayili
920 2487 959 2523 c.
983 2468 1054 2522 Μ.
1087 2498 1154 2514 .-
1183 2469 1381 2536 ⁴qaudia
1409 2471 1587 2520 nostra
1615 2465 1659 2518 P
1692 2466 1750 2517 in
1775 2484 1898 2534 exc„

253 2561 303 2612 9.
341 2561 456 2596 nra.
495 2543 577 2612 M,
620 2561 669 2612 9.
706 2544 815 2596 vita
851 2542 895 2595 P
933 2543 990 2594 in
1029 2542 1108 2594 ed.
1155 2572 1223 2578 -—
1269 2560 1318 2594 v.
1357 2541 1480 2593 301.
1526 2540 1732 2592 divitiae
1770 2556 1899 2605 prae
1997 2532 1999 2537 ’

260 2617 418 2670 oculis
457 2618 626 2670 lautae
660 2617 909 2683 fruendae
945 2614 1013 2683 L,
1052 2616 1187 2668 laute
1221 2615 1290 2680 fr.
1330 2614 1401 2666 M.
1441 2644 1513 2652 -—
1551 2632 1598 2666 v.
1624 2613 1746 2665 302.
1785 2613 1897 2664 sub-

260 2691 440 2742 stituta
490 2695 650 2743 morte
701 2690 921 2743 caducus
974 2688 1038 2758 L,
1093 2689 1283 2741 caduca
1335 2687 1413 2755 M,
1475 2687 1662 2740 caduco
1722 2685 1786 2737 R.
1827 2715 1896 2722 -—
1999 2725 2006 2729 ,

262 2782 308 2815 v.
342 2763 464 2815 303.
503 2763 565 2816 Si
592 2763 1010 2830 perseveraveriS,
1048 2762 1292 2815 horrescis
1329 2762 1435 2828 ipse
1472 2761 1680 2813 vii-endo
1720 2759 1782 2825 L,
1834 2758 1902 2812 Ut
