2020 3192
196 186 266 238 42

196 305 393 349 renasci
429 310 524 349 139.

196 364 432 419 repertor
461 364 586 408 vitae
618 368 717 408 324.

196 423 427 477 repetere
458 436 493 467 e.
526 423 580 465 in
610 436 643 465 o.
678 422 765 466 abl.
799 426 898 466 953.

196 491 471 538 reponere,
503 479 747 537 repostus*
777 485 877 524 952.

195 539 405 594 reporto
433 560 488 575 =
504 543 641 595 porto
666 543 772 583 335:
796 539 992 595 peccata

224 599 442 653 reportat.

195 656 386 701 rescire
420 661 487 702 12.
521 654 622 700 83⁸⁸.

195 714 504 759 resurrectio
537 719 636 758 943.

194 772 465 818 retributio
497 777 596 817 915.

194 834 334 876 retro
360 831 613 888 respiciunt
628 836 730 885 426,
753 830 810 885 cf.
831 831 992 874 contra

223 890 449 934 resistere.

195 949 459 993 revolvere
506 949 559 992 de
606 949 743 1003 alqaa
782 960 836 991 'xre
882 951 991 990 406:

222 1007 438 1061 historia,
471 1007 527 1050 de
559 1020 652 1063 qua
681 1006 940 1050 revolvunt.

194 1065 431 1110 robustus
464 1079 567 1121 opp.
592 1079 712 1120 puer
744 1069 812 1108 69.

194 1125 417 1169 rostrum
447 1137 495 1168 os
526 1129 626 1168 384.

194 1183 336 1227 rudis
362 1182 510 1227 Heide
534 1186 602 1226 58.
631 1187 729 1226 173.
756 1185 863 1236 5753
887 1194 990 1237 opp.

224 1255 339 1286 aevo
370 1244 599 1285 maturus:
633 1246 701 1285 70.

193 1300 370 1354 rugire
403 1305 530 1344 1002.

194 1370 375 1403 rursus
399 1371 605 1403 remeare
622 1361 723 1412 555,
748 1357 805 1410 cf.
831 1356 993 1400 contra

222 1417 447 1461 resistere.

195 1534 483 1579 sacrificare
517 1538 616 1577 741.

197 1593 417 1637 saeclum
449 1597 548 1637 308.
583 1597 680 1636 567.
716 1595 828 1636 1005
861 1591 947 1635 etc.

196 1651 384 1696 saeculi
415 1651 532 1695 silva
563 1655 661 1694 600.
691 1672 693 1674 -

196 1709 473 1765 saginare*,
506 1707 738 1765 saginati*
768 1706 898 1763 porci
925 1711 992 1750 19.

197 1768 461 1825 salfacere,
495 1767 693 1811 salfacta
724 1770 793 1810 72.

197 1838 374 1871 sanare
429 1827 547 1882 alq‘m
600 1826 740 1881 alqua
784 1837 853 1880 re,
907 1827 993 1868 645

225 1884 451 1941 profluvio
483 1885 645 1928 sanata
675 1884 757 1928 est.

198 1948 369 1989 sancta
398 1944 618 1987 sanctitas
649 1947 748 1987 206.

198 2001 488 2047 sanescere*
526 2006 634 2045 397:
675 2000 818 2045 verbo
866 2012 993 2043 sane-

228 2063 369 2106 scant.

199 2121 427 2174 satagere
460 2118 591 2163 604*.
628 2123 754 2163 1009.

198 2190 396 2235 saxeus,
430 2177 557 2222 saxei
590 2177 802 2222 homines
835 2179 903 2219 74.

199 2248 389 2291 secare,
420 2237 602 2280 secatus
634 2240 734 2280 510.

198 2295 436 2340 seducere
469 2298 566 2339 178.
599 2294 729 2338 239*.

200 2354 433 2398 seductor
464 2353 681 2408 antiquus
705 2357 806 2407 207,
837 2351 894 2405 cf.
919 2363 996 2395 ve—

227 2412 340 2456 teris
370 2411 560 2456 fallacia
590 2411 736 2456 hostis
769 2414 867 2454 181.

200 2482 452 2515 semovere
485 2475 584 2515 169.

201 2529 503 2586 sempiterno
536 2533 636 2575 299.

201 2588 481 2644 sepultura,
517 2586 781 2644 sepulturae
810 2583 996 2628 tradere

202 2704 370 2762 sequi,
409 2717 550 2761 opera
579 2702 789 2759 maligna
827 2716 861 2745 s.
897 2705 993 2746 182.

231 2776 394 2819 azyma
425 2762 555 2817 sequi
585 2766 684 2828 689.
740 2760 934 2815 antiqua
961 2774 995 2803 s.

232 2827 331 2878 530,
363 2821 419 2866 ef.
451 2819 679 2878 prosequi.

725 188 918 232 INDEX
950 188 1303 234 VERBORUM.

1041 305 1085 349 si
1114 319 1224 350 num
1255 310 1354 350 487.

1040 364 1280 409 simulare
1328 364 1442 420 (se*)
1489 366 1551 409 ad
1600 367 1720 421 alqm
1757 372 1834 411 36:

1070 437 1151 466 cur
1182 438 1264 467 nos
1296 423 1566 467 simulemus
1597 424 1656 468 ad
1677 423 1745 469 ill.
1779 450 1835 457 —

1039 480 1118 525 Sin
1147 495 1258 526 vero
1290 502 1346 518 =
1376 483 1451 526 sin
1480 483 1633 526 minus
1663 486 1768 527 871.

1038 539 1238 584 soboles
1268 553 1403 585 maso.
1437 545 1536 584 422.
1573 546 1671 585 717.

1038 598 1194 655 solus,
1227 600 1320 643 dat.
1354 599 1452 643 solo
1485 605 1554 644 93.
1590 605 1688 645 106.

1038 668 1175 714 sors,
1231 659 1401 702 sortem
1453 657 1502 701 in
1548 657 1836 702 vestimentis

1066 715 1293 759 miserunt
1321 720 1422 760 415.

1038 774 1252 832 spatiari
1282 780 1323 820 3.

1041 843 1265 889 sperare,
1297 837 1501 889 sequente
1523 833 1835 877 enuntiatione

1068 892 1356 934 coordinata:
1411 904 1544 947 spero
1590 904 1695 934 reus
1740 905 1834 934 non

1069 949 1141 992 est
1163 953 1242 1002 813
1276 964 1341 1005 sp.
1374 950 1427 992 in
1458 950 1577 1004 alqm
1606 953 1707 992 264.
1733 951 1835 992 288.

1040 1018 1154 1062 spes
1186 1007 1414 1063 speranda
1446 1011 1517 1051 est
1547 1011 1647 1050 299.

1040 1065 1264 1123 sputum,
1303 1065 1473 1110 faciem
1510 1065 1660 1110 averti
1689 1065 1836 1122 sputis

1069 1137 1230 1167 eorum
1261 1128 1361 1169 352.

1037 1183 1174 1229 stare
1205 1183 1265 1226 ad
1295 1182 1517 1226 missam*
1549 1187 1617 1226 77.

1038 1241 1174 1285 stare
1206 1261 1262 1277 =
1294 1254 1383 1285 esse
1421 1242 1495 1296 (cf.
1529 1240 1706 1284 Fachs:
1744 1239 1834 1283 Ro-

1066 1313 1186 1343 man.
1221 1299 1326 1355 Spr.
1355 1313 1401 1355 p.
1427 1300 1566 1356 252);
1599 1300 1693 1342 stat
1721 1299 1835 1342 tem-

1068 1372 1155 1414 pus
1194 1359 1426 1401 maturum
1471 1357 1520 1400 in
1557 1357 1698 1400 finem
1736 1362 1834 1401 918.

1070 1417 1127 1470 cf.
1167 1416 1311 1460 Instr.
1358 1421 1413 1469 2,
1456 1419 1543 1469 27,
1589 1419 1671 1459 10.-
1709 1415 1837 1471 plebs

1063 1488 1214 1530 paene
1236 1475 1423 1530 perdita
1453 1478 1556 1518 stat.

1042 1532 1260 1578 stridere
1292 1534 1416 1578 aloni
1449 1537 1554 1577 732:
1593 1531 1674 1587 qui
1702 1531 1836 1576 nobis

1071 1591 1281 1635 strident.

1041 1649 1254 1694 suadere
1297 1650 1415 1705 alqm
1454 1654 1523 1694 29.
1592 1648 1838 1692 suademur

1069 1712 1170 1751 297.
1234 1721 1395 1751 suasus
1427 1711 1524 1751 758.

1041 1765 1158 1811 sub.
1219 1765 1510 1810 trucidantur
1562 1764 1647 1808 sub
1699 1765 1835 1808 hoste

1041 1882 1132 1928 sub
1163 1896 1198 1927 c.
1232 1883 1319 1926 abl.
1346 1894 1435 1938 pro
1467 1893 1634 1925 accusa
1672 1879 1837 1924 turrim

1068 1941 1298 1985 fabricare
1331 1940 1415 1984 sub
1448 1939 1585 1983 astris
1620 1943 1716 1982 165.
1750 1938 1835 1981 sub

1067 2000 1177 2057 iugo
1209 1999 1394 2043 mittere
1427 2003 1526 2043 813.

1042 2058 1250 2104 subdole
1281 2057 1437 2102 vivere
1470 2061 1568 2101 521.

1039 2116 1279 2162 subdolus
1309 2120 1410 2159 421.

1040 2175 1346 2220 subsannare
1379 2179 1448 2219 56.
1482 2177 1582 2219 502.
1615 2173 1671 2227 ef.
1692 2173 1835 2217 Instr.

1068 2238 1123 2288 1,
1153 2237 1235 2288 40,
1265 2237 1336 2277 11.

1041 2292 1270 2338 Summus
1316 2292 1442 2335 Deus
1488 2290 1591 2333 26¹².
1639 2292 1708 2330 27.
1764 2290 1834 2330 56.

1070 2355 1171 2395 316.
1204 2354 1303 2393 434.
1338 2354 1437 2393 537.
1471 2351 1567 2391 542.
1603 2350 1701 2390 721.
1735 2349 1835 2389 738,

1072 2413 1171 2452 917.
1205 2412 1305 2451 924.
1338 2411 1436 2450 959.

1043 2467 1161 2512 sunt
1184 2466 1263 2520 qui
1286 2478 1321 2509 c.
1346 2465 1508 2508 india:
1541 2464 1648 2506 sunt
1670 2461 1837 2517 quibus

1071 2524 1121 2568 in
1147 2524 1306 2582 ignem
1337 2523 1428 2578 adp
1433 2521 1557 2565 aruit
1589 2526 1686 2565 119.

1042 2538 1445 2639 superextollere
1477 2583 1547 2624 28.

1043 2640 1326 2697 suppetium
1360 2644 1486 2683 1006.
1520 2638 1575 2692 cf.
1611 2638 1754 2680 Instr.
1786 2639 1835 2689 2,

1070 2702 1222 2753 1‚15.
1255 2702 1309 2752 2,
1341 2701 1537 2751 28,12.

1043 2767 1310 2803 susurrare
1340 2760 1439 2799 931.

1044 2826 1294 2872 synagoga
1324 2818 1423 2858 253.
