2020 3192
852 194 1210 269 PRAEFArloss
1777 226 1842 270 XI

201 345 321 397 loco
375 343 696 413 ‘negotium,
756 361 841 396 res
895 342 1020 411 est'3
1084 343 1160 396 ait
1207 344 1374 414 igitur
1426 348 1610 413 poeta:
1672 345 1843 415 ‘pueri

202 418 379 471 solent
437 417 623 487 ignavi
683 434 820 485 esse,
880 434 990 470 non
1051 416 1190 470 viri'.
1288 417 1600 472 Firmantur
1662 423 1843 472 autem

190 492 372 558 pueris
409 493 463 543 et
498 491 717 543 robustis
761 490 964 543 formae
1002 489 1076 557 pl.
1116 492 1461 559 sequentibus
1508 511 1594 546 Π.
1630 493 1843 547 rudibus

202 567 256 616 et
300 581 419 617 aevo
462 564 703 631 maturis,
758 581 894 632 quae
940 563 1048 615 illis
1093 564 1439 632 respondent.
1484 597 1557 603 -—
1593 567 1751 633 pueri
1789 570 1844 619 et

200 638 394 690 robusti
414 637 476 703 R,
525 636 735 703 Iynosci
752 637 935 703 pueris
959 677 970 689 .
995 677 1008 689 .
1033 677 1046 689 .
1069 634 1082 689 .’
1106 677 1119 688 .
1141 637 1361 691 robustis
1391 638 1558 692 Lbch.
1583 669 1653 677 ——
1679 659 1727 692 v.
1755 641 1842 694 70.

201 713 248 764 si
285 711 399 763 licet
432 710 502 774 R,
540 711 589 763 si
624 710 758 762 decet
778 710 850 762 M.
894 740 957 747 —
1001 729 1049 763 v.
1085 711 1151 762 71
1196 729 1310 780 sqq.
1351 710 1491 778 Quae
1530 712 1723 779 [Quam
1760 712 1840 779 M]

199 785 401 851 quidem
435 800 569 850 pars
612 783 878 836 hominum
922 801 1028 837 nou
1071 784 1142 836 sit
1184 786 1469 846 moderata,
1514 790 1707 838 vetusta
1747 788 1844 852 [ve-

201 861 362 910 tustas
377 857 455 923 M]
504 855 593 911 Sic
607 858 704 910 erit
723 861 784 910 ut
793 875 965 924 perna
986 857 1208 924 salfacta
1232 860 1466 924 [minime
1478 860 1561 913 sal
1578 859 1724 926 facta
1737 859 1843 925 M]:

190 932 440 998 petrascit
497 932 759 997 puerascit
780 930 878 997 Μ].
940 932 1010 984 Ν.
1023 949 1081 999 p.
1103 948 1159 995 8.,
1196 933 1305 984 nisi
1324 933 1465 986 solus
1486 934 1623 1001 ‘tynis
1645 934 1848 986 adescat

203 1006 296 1070 [ad
336 1021 501 1058 escam
549 1003 629 1070 M]
682 1007 780 1058 etc.
826 1004 886 1057 L.
966 1004 1136 1058 Poeta
1180 1005 1314 1058 haec
1352 1007 1592 1059 dicturus
1632 1010 1737 1059 est:
1789 1005 1845 1059 Si

200 1079 448 1131 homines
501 1078 680 1148 ignari
733 1081 788 1130 et
839 1079 998 1131 rudes
1050 1097 1163 1132 non
1217 1082 1374 1132 erunt
1426 1080 1671 1148 correcti,
1726 1098 1844 1132 sero

200 1153 510 1221 punientur,
571 1152 696 1220 quia
750 1152 895 1204 saxei
950 1155 1099 1220 sunt,
1157 1153 1215 1204 in
1269 1153 1526 1222 gehenna.
1623 1152 1844 1222 Iamque

202 1225 621 1278 Commodianus
660 1225 849 1278 doceat
885 1242 1103 1278 necesse
1135 1229 1216 1278 est
1237 1226 1360 1279 illos
1383 1226 1628 1279 homines
1656 1244 1844 1279 saxeos

202 1317 339 1368 6886,
369 1318 500 1352 saxa
521 1316 649 1351 vero
674 1296 798 1368 (vel.
821 1299 966 1352 hom.
992 1297 1205 1370 saxeos)
1228 1318 1340 1352 non
1364 1300 1571 1353 domari
1595 1298 1846 1370 ('subici'‚

151 1400 155 1403 ν
202 1370 576 1441 emollescere')
615 1372 723 1424 nisi
758 1373 900 1442 igne.
983 1371 1129 1434 Quae
1169 1391 1290 1426 cum
1328 1374 1407 1426 ita
1446 1374 1576 1442 sint,
1623 1377 1848 1442 apparet

201 1465 373 1516 neque
425 1446 775 1515 puerascendi
828 1447 1052 1499 verbum
1105 1465 1278 1516 neque
1331 1447 1670 1516 putrescendi
1716 1447 1847 1499 ferri

201 1539 375 1589 posse.
445 1518 705 1572 Subvenit
735 1520 1004 1573 laboranti
1036 1521 1336 1574 sententiae
1369 1539 1471 1574 vox
1501 1523 1677 1590 petra,
1711 1539 1846 1589 quae

201 1595 412 1663 flagitat
449 1593 670 1646 verbum
709 1593 777 1645 ab
817 1594 1004 1646 eodem
1033 1594 1251 1646 nomine
1275 1595 1592 1663 derivatum,
1629 1612 1698 1646 116
1722 1611 1846 1646 con-

200 1667 428 1720 tinuitas
459 1666 720 1719 orationis
751 1667 1020 1735 turbetur3
1059 1667 1241 1736 itaque
1267 1668 1596 1736 deperditam
1620 1668 1846 1735 scriptu-

201 1759 318 1794 ram
362 1741 626 1808 puerascit
668 1740 875 1794 mutavi
919 1741 979 1793 in
1033 1739 1369 1794 simillimam
1410 1742 1672 1809 petrascit.
1764 1741 1847 1793 Ea

204 1819 383 1868 autem
427 1813 682 1867 restituta
729 1814 1042 1867 adverbium
1088 1816 1321 1884 minime,
1377 1833 1497 1867 cum
1550 1815 1846 1867 sententiae

201 1890 485 1957 repugnet,
531 1887 591 1939 in
633 1888 794 1941 nimis
840 1889 1215 1958 corrigendum
1254 1892 1353 1941 est.
1435 1887 1517 1940 De
1555 1889 1718 1941 verbo
1760 1888 1848 1940 ad-

208 1961 422 2014 escandi
461 1961 528 2012 cf.
567 1960 848 2013 adescatus
875 1959 1017 2014 0661.
1041 1962 1224 2014 Α11161.
1249 1965 1389 2016 acut.
1419 1963 1472 2031 1,
1501 1963 1592 2031 11,
1632 1961 1849 2014 escandi

205 2035 380 2104 gratia
412 2033 578 2087 Solin.
607 2034 696 2087 40.
736 2065 806 2072 —
849 2034 1018 2100 Quum
1054 2053 1100 2102 q.
1128 2053 1262 2102 pars
1297 2036 1345 2089 h.
1375 2054 1428 2088 n.
1466 2037 1536 2088 sit
1570 2036 1848 2103 moderata,

203 2112 396 2162 vetusta
431 2106 520 2160 Sic
544 2149 554 2159 .
579 2149 591 2160 .
617 2147 629 2159 .
655 2149 665 2159 .
689 2108 936 2174 salfacta;
976 2113 1231 2175 putrescet
1274 2109 1340 2178 P,
1379 2109 1556 2175 Quam
1579 2149 1591 2161 .
1618 2151 1628 2161 .
1653 2150 1665 2161 .
1692 2149 1703 2160 .
1721 2126 1846 2175 par-

205 2188 302 2236 tem
327 2225 337 2234 .
364 2223 376 2235 .
401 2222 413 2234 .
435 2182 697 2234 moderata
748 2185 987 2246 vetustaS,
1040 2182 1188 2235 Haec
1234 2183 1308 2235 sic
1331 2224 1342 2234 .
1367 2223 1379 2234 .
1405 2223 1417 2235 .
1442 2223 1453 2235 .
1476 2181 1723 2248 salfacta‚·
1778 2182 1847 2234 id.

203 2258 261 2309 111
307 2273 435 2320 exc„
471 2256 754 2322 putrescit.
779 2297 791 2307 .
814 2255 972 2308 solius
1015 2255 1189 2324 Lbch,
1237 2255 1407 2320 Quam
1431 2296 1442 2307 .
1468 2297 1479 2308 .
1492 2259 1698 2322 partem
1742 2272 1849 2308 non

203 2333 252 2384 si
272 2331 502 2382 moderat
522 2332 763 2398 vetustas,
788 2369 801 2382 .
826 2370 838 2381 .
863 2370 876 2382 .
901 2329 1063 2382 Nemo
1077 2346 1301 2397 pernam
1322 2329 1506 2382 subicit
1526 2329 1632 2382 nisi
1653 2329 1848 2381 solidus

204 2404 340 2472 tynis
377 2403 446 2456 H.
494 2432 568 2439 --
615 2402 681 2454 de
720 2421 767 2455 v.
815 2403 1114 2471 composito
1159 2403 1381 2469 salfacta
1419 2402 1485 2455 cf.
1523 2401 1848 2454 incinefacta

205 2477 366 2531 Instr.
409 2479 462 2542 1,
500 2476 598 2543 41,
626 2477 709 2530 12.
748 2505 817 2513 —
858 2495 906 2529 v.
934 2476 1017 2530 75.
1045 2477 1286 2545 procellis
1307 2475 1379 2544 M,
1407 2476 1660 2544 processis
1680 2474 1751 2526 H.
1780 2505 1842 2512 —

205 2550 255 2604 v'.
294 2552 378 2605 76.
423 2551 632 2603 missam
678 2551 748 2618 R,
802 2551 963 2603 missa
1006 2550 1086 2617 Μ,
1138 2551 1284 2603 iussa
1328 2549 1371 2602 P
1417 2550 1475 2601 in
1521 2566 1652 2617 exc,
1704 2549 1848 2601 iussa

207 2623 386 2694 (unus,
423 2621 596 2694 audit)
620 2623 784 2677 Lbch.
823 2655 897 2661 —-
933 2642 983 2676 v.
1010 2625 1094 2678 78.
1132 2624 1322 2691 accepit
1356 2622 1430 2691 M,
1468 2622 1653 2689 accipit
1681 2620 1743 2673 R..
1775 2622 1850 2658 —-'

207 2699 403 2751 easdem
447 2699 670 2751 monitus
717 2697 783 2767 L,
831 2715 1158 2767 quamquam
1201 2715 1345 2750 nova
1392 2696 1553 2749 lectio
1601 2714 1633 2748 a
1672 2695 1847 2763 specie

209 2771 503 2839 scripturae
557 2771 754 2825 codicis
808 2773 949 2825 eosde
999 2772 1205 2824 munita
1257 2788 1370 2823 non
1420 2769 1642 2839 propius
1694 2769 1847 2820 abest

209 2861 368 2911 quam
405 2843 697 2898 Roenschii
742 2846 934 2899 eosdem
972 2846 1210 2899 monitus.
1293 2842 1483 2912 Neque
1522 2860 1649 2894 vero
1690 2840 1847 2894 Com-
