2020 3192
248 229 445 274 XXVIII
895 228 1254 274 PRAEFATIO.

244 349 403 416 ,qitius
439 347 519 417 M,
579 349 717 416 Viry.
755 347 798 400 P
843 379 916 386 —
965 348 1231 401 Terentius
1269 347 1334 416 P,
1384 347 1677 401 Terreutc'us
1714 347 1772 400 Μ
1818 379 1887 387 -

248 424 367 474 item
405 421 463 489 P,
501 423 635 475 idem
673 421 745 474 M.
785 452 854 460 --
894 441 942 475 v.
982 421 1105 475 579.
1142 421 1231 474 hos
1261 420 1320 488 L,
1358 438 1437 474 603
1467 420 1540 489 Μ,
1579 439 1633 475 03
1669 421 1891 491 faciunt,

251 496 284 546 i.
326 513 367 546 e.
408 495 621 564 fingunt
658 498 872 548 tantum
911 495 1204 564 eloquium,
1243 494 1335 547 sed
1375 495 1438 546 de
1477 495 1591 547 vita
1627 499 1771 548 recte
1809 496 1889 548 in-

251 568 522 620 stituenda
561 569 724 621 silent
759 569 833 638 D,
879 569 970 622 hoc
1007 564 1174 620 Lbch.
1218 599 1291 605 —
1336 587 1385 622 v,
1424 567 1547 621 580.
1585 570 1795 621 insanos
1832 568 1891 638 L,

247 643 306 693 iu
344 659 473 694 vano
512 641 584 693 M.
631 673 700 679 —
750 644 899 696 terris
934 641 1014 711 Μ,
1061 646 1224 694 terrae
1267 641 1332 695 R.
1381 673 1448 681 —
1497 661 1546 694 v.
1587 642 1709 695 581.
1749 641 1891 695 Scire
1996 656 2000 666 ‘

247 713 426 783 Lbeh,
479 715 556 767 Et
605 716 733 768 seire
784 715 857 768 M.
911 745 981 753 —-
1034 734 1084 767 v.
1130 714 1238 767 582
1279 733 1355 784 sq.
1424 732 1727 783 cognoscere,
1779 717 1894 769 iure

237 789 491 855 peritum,
539 788 686 854 Quod
719 790 832 841 iure
868 789 1118 842 vacillant
1153 787 1287 857 MP,
1326 829 1337 840 .
1362 829 1374 841 .
1395 789 1510 842 iure
1537 790 1733 856 periti.
1759 829 1772 841 .
1796 831 1807 842 .
1845 789 1890 841 P

251 862 308 913 in
347 861 487 925 adn„
535 879 672 930 60999.
718 863 830 914 iure
863 862 1130 930 peritum?
1209 861 1341 927 Quot
1376 864 1498 915 iura
1534 880 1577 914 υ.
1615 862 1679 914 R.
1719 891 1788 899 ——
1828 880 1892 916 ue

244 933 376 1000 forte
418 940 663 1002 reyautur
699 933 779 1002 Μ,
829 952 879 988 n.
927 935 966 1000 f.
1013 939 1263 1002 royautur
1300 934 1365 1003 P,
1410 937 1470 987 ml
1512 935 1553 1000 f.
1590 953 1687 1002 req.
1726 936 1795 988 id.
1832 936 1892 988 in

248 1026 356 1060 exe.
399 1038 462 1045 —-
507 1027 553 1061 V.
586 1008 709 1061 584.
747 1007 832 1061 Sit
869 1009 980 1061 lieet
1015 1008 1266 1074 defensor,
1305 1009 1374 1060 sit
1412 1008 1524 1060 lieet
1559 1007 1618 1076 L,
1658 1008 1723 1060 ef.
1758 1009 1889 1061 143:

250 1081 321 1132 sit
365 1081 494 1133 lieet
524 1123 536 1134 .
569 1123 580 1133 .
612 1081 825 1134 iaceant
867 1081 1008 1134 lieet.
1083 1080 1192 1146 896,
1243 1082 1355 1134 lieet
1389 1082 1619 1147 defensor
1655 1083 1742 1146 sit,
1783 1083 1894 1135 lieet

247 1153 378 1206 MP.
431 1184 492 1191 —
544 1174 592 1207 v.
632 1155 755 1207 591.
801 1155 884 1208 illi
919 1156 1186 1207 victoriam
1222 1153 1394 1223 Lbch,
1441 1156 1523 1207 aba·
1566 1156 1780 1208 victoria
1816 1155 1890 1219 M,

246 1228 336 1280 ule
371 1229 638 1281 victoriam
676 1228 742 1280 R.
780 1258 850 1265 —
890 1247 938 1281 v.
978 1227 1101 1280 592.
1139 1229 1229 1295 qui
1250 1227 1316 1297 R,
1354 1230 1438 1281 eut
1459 1227 1532 1280 M.
1576 1259 1638 1266 —
1682 1247 1727 1281 v.
1767 1228 1890 1281 595.

239 1301 482 1367 pluscula
505 1299 569 1370 D,
598 1302 723 1368 plus
761 1302 862 1354 eali
883 1300 956 1370 Μ,
984 1302 1110 1368 plus
1133 1302 1228 1354 alii
1250 1301 1309 1353 P.
1347 1332 1410 1338 —-
1445 1321 1493 1354 v.
1518 1302 1640 1355 596.
1664 1303 1891 1369 pretium

246 1375 448 1440 quaerit
485 1372 592 1444 (vel
630 1374 850 1443 quaesit>
881 1374 952 1442 D,
982 1375 1304 1442 pretiumque
1334 1374 1405 1426 M.
1443 1405 1516 1412 —
1554 1393 1603 1428 v.
1637 1375 1755 1428 599.
1793 1393 1891 1428 sua

238 1452 476 1515 posterya
516 1449 657 1516 [post
695 1452 835 1515 terya
871 1445 936 1514 P]
977 1447 1057 1512 M,
1095 1465 1245 1501 suam
1274 1452 1395 1515 post
1430 1452 1570 1516 terya
1606 1448 1771 1501 Lbeh.
1822 1478 1884 1485 —

246 1522 461 1573 remittit
488 1521 549 1590 Ρ,
587 1523 827 1574 remittiet
854 1520 926 1573 M.
964 1552 1037 1558 —
1074 1540 1123 1573 v.
1157 1522 1278 1574 600.
1315 1522 1506 1574 saeculi
1542 1522 1675 1574 silva
1711 1521 1794 1589 M,
1833 1523 1891 1574 m

246 1611 286 1647 3.
325 1595 458 1646 silva
479 1594 543 1646 R.
584 1626 652 1632 -—
692 1614 740 1647 v.
773 1595 895 1647 601.
929 1596 1155 1661 ⁸qaudeut
1191 1596 1252 1647 m
1286 1595 1455 1647 brevia
1477 1594 1549 1663 M,
1588 1595 1654 1647 ef.
1693 1595 1892 1663 gaudet

247 1668 305 1718 in
345 1667 496 1719 illum
531 1667 659 1735 7173
693 1685 740 1735 9.
779 1668 814 1720 i.
854 1668 990 1719 brevi
1027 1667 1128 1736 Eb,
1168 1685 1392 1736 eumque
1434 1670 1643 1720 secutus
1683 1667 1758 1734 R,
1799 1669 1891 1737 qui

246 1743 436 1808 postea
474 1741 643 1793 brevia
665 1741 918 1793 restituit.
955 1770 1018 1778 —
1055 1760 1103 1793 v.
1129 1741 1250 1793 602.
1274 1758 1469 1809 auyere,
1495 1740 1557 1793 cf.
1583 1740 1705 1792 adn.
1728 1760 1774 1793 v.
1801 1742 1888 1793 37.

248 1844 317 1850 ——
357 1833 406 1866 v.
439 1814 562 1867 604.
607 1815 799 1882 satayit
840 1815 919 1866 vir
959 1813 1032 1882 R,
1078 1816 1333 1882 satayttur
1370 1813 1448 1882 M,
1495 1815 1686 1881 satayit
1722 1813 1888 1867 Lbeh.

249 1917 317 1924 —
365 1906 412 1939 v,
454 1887 575 1940 606.
625 1887 843 1953 Quisque
879 1889 927 1940 393
971 1886 1041 1956 L,
1089 1888 1309 1955 Quisque
1352 1889 1502 1954 quasi
1539 1887 1621 1955 M,
1670 1888 1890 1955 Quisque

246 1977 386 2013 casso
424 1960 487 2012 R.
523 1991 586 1997 -—
630 1979 678 2012 v.
705 1961 827 2014 607.
865 1961 1039 2032 eopria
1068 1961 1100 2012 i.
1135 1979 1177 2012 e.
1210 1962 1446 2013 scurrilis
1477 1961 1785 2014 homuncio,
1822 1991 1885 1998 —-

247 2052 294 2085 v.
335 2034 456 2086 610.
493 2034 629 2101 Ipsa
660 2051 770 2101 spes
809 2039 913 2087 tota
950 2034 1061 2087 Deo
1099 2033 1164 2102 L,
1214 2035 1344 2102 Ipsa
1380 2052 1491 2101 spes
1528 2039 1600 2087 est
1637 2039 1740 2087 tota
1777 2033 1889 2087 Deo

246 2105 319 2175 M,
357 2107 476 2174 Ipse
514 2124 623 2174 spes
662 2108 747 2160 vel
784 2106 909 2175 Spes
947 2112 1021 2160 est
1056 2112 1165 2161 tota
1193 2107 1303 2161 Deo
1335 2108 1379 2160 P
1418 2109 1477 2161 in
1508 2126 1616 2160 exe.
1659 2138 1721 2144 —
1765 2108 1891 2175 Spes

247 2185 320 2232 est
357 2185 390 2232 t.
420 2180 648 2234 Domino
677 2180 845 2233 Lbeh.
888 2210 949 2218 -
994 2200 1041 2234 v.
1075 2182 1196 2234 612.
1234 2183 1376 2249 setius
1406 2183 1593 2235 dieitur
1622 2180 1681 2247 L,
1717 2182 1888 2248 filium

246 2254 380 2306 dixit
415 2271 530 2306 eum
566 2253 645 2322 M,
697 2255 868 2321 filium
904 2271 957 2308 36
995 2256 1130 2308 dixit
1164 2254 1208 2306 P
1248 2285 1316 2292 —-
1355 2257 1423 2307 sit
1458 2254 1603 2307 Deus
1639 2252 1719 2317 M,
1772 2270 1888 2306 eum

246 2328 314 2379 sit
350 2326 495 2380 Deus
532 2327 575 2379 P
628 2328 687 2380 in
726 2346 856 2396 exe„
909 2333 1020 2381 erat
1055 2327 1198 2381 Deus
1235 2327 1343 2396 Eb,
1396 2327 1540 2379 Deus
1592 2327 1662 2379 sit
1696 2325 1761 2378 R.
1829 2357 1881 2364 —

246 2418 294 2451 v.
334 2400 456 2452 613.
484 2401 726 2468 praeibat
761 2400 905 2454 Deus
934 2400 993 2468 L,
1021 2418 1107 2468 pr.
1145 2418 1226 2454 eos
1254 2399 1326 2468 Μ,
1354 2418 1440 2467 pr.
1471 2400 1692 2452 Iudaeos
1728 2399 1791 2452 R.
1819 2431 1880 2437 —-

248 2491 294 2524 v.
335 2474 456 2526 617.
495 2474 585 2540 qui
621 2474 792 2539 refecit
827 2472 907 2540 M,
959 2475 1048 2540 qui
1084 2491 1135 2526 36
1175 2475 1296 2538 feeit
1330 2473 1494 2525 Lbeh.
1548 2504 1616 2511 —-
1674 2491 1722 2525 v.
1763 2474 1886 2526 618.

247 2550 391 2597 muta
413 2546 472 2614 P,
511 2547 675 2600 multa
697 2545 782 2614 M,
818 2547 950 2599 muti
990 2549 1083 2598 aut
1112 2548 1243 2600 muli
1263 2546 1307 2598 P
1346 2547 1402 2598 in
1435 2564 1540 2599 exe.
1583 2577 1644 2583 —
1690 2565 1736 2598 v.
1762 2547 1887 2599 619.

247 2618 480 2671 Balaam
518 2620 583 2684 L,
632 2624 707 2672 Et
742 2619 976 2672 Balaam
1013 2620 1079 2683 P,
1133 2619 1220 2673 Sic
1258 2619 1381 2673 Bal.
1420 2619 1490 2684 R,
1540 2619 1615 2672 Et
1651 2619 1886 2672 Balaam

248 2693 471 2744 caedenti
508 2694 714 2745 asinam
753 2691 827 2762 (P)
851 2691 923 2746 M.
993 2692 1158 2746 ‘Haec
1197 2694 1254 2744 in
1293 2694 1534 2762 margine
1573 2693 1771 2745 reiecta
1809 2693 1887 2745 ita

247 2765 475 2817 resecuit
526 2766 711 2818 infelix
758 2766 1124 2836 bibliopegUS,
1177 2770 1239 2818 ut
1284 2767 1371 2819 vix
1415 2769 1730 2818 remaneant
1776 2767 1887 2818 ima

250 2838 459 2906 apicum
505 2837 754 2908 vestigia’
801 2837 858 2890 P.
907 2870 973 2876 —
1022 2858 1069 2891 v.
1110 2840 1230 2892 620.
1276 2840 1494 2892 clamavi
1539 2841 1598 2892 de
1636 2839 1787 2892 Petro
1826 2838 1886 2908 L,
