2020 3192
257 226 324 277 12
883 226 1277 272 COMMODIANI

255 346 426 409 Quam
459 346 628 398 ebibit
649 345 913 398 Dominus
945 365 1160 415 passus,
1199 365 1263 399 ex
1285 347 1499 400 inferno
1523 365 1823 418 resurgens,

251 419 458 472 Idcirco
498 438 597 472 nec
636 420 806 472 voluit
845 438 901 472 se
939 421 1310 490 manifestare,
1351 421 1479 490 quid
1519 424 1676 491 esset,

162 507 228 539 360
255 491 357 545 Sed
395 493 566 545 filium
606 493 740 545 dixit
779 511 834 546 se
874 493 1097 546 missum
1127 494 1294 547 fuisse
1322 499 1366 546 ’6
1404 498 1572 563 patre.

255 565 342 619 Sic
380 567 497 635 ipse
535 566 835 619 tradiderat
874 568 1222 636 semetipsum
1262 568 1365 621 dici
1403 568 1696 639 prophetis,

252 639 329 692 Ut
366 639 512 693 Deus
551 641 610 692 in
647 641 807 693 terris
847 639 1117 693 Altissimi
1154 642 1295 694 filius
1337 644 1492 695 esset.

251 713 372 766 Hoc
412 717 466 766 et
503 715 619 782 ipse
658 715 879 783 premit,
916 715 1135 767 humilis
1175 716 1232 767 in
1272 733 1431 768 carne
1471 734 1593 768 cum
1632 718 1786 785 esset,

252 786 609 856 Testaturque
648 790 881 856 patrem,
920 791 981 841 ut
1020 807 1115 841 ora
1152 789 1468 857 prophetica
1506 790 1699 842 firmet.

163 875 229 908 365
253 860 339 914 Ex
375 861 547 914 Israel
584 862 812 931 legimus
851 862 1126 914 hominem
1165 880 1445 932 resurgere
1481 864 1667 915 talem:

251 935 325 988 Et
362 936 525 988 homo
567 938 676 1003 est,
714 936 911 1003 inquit,
960 938 1013 987 et
1052 935 1170 1004 quis
1211 953 1333 988 eum
1370 936 1524 988 novit
1561 936 1618 988 in
1655 935 1824 1004 ipsis?

250 1007 554 1061 Hieremias
595 1009 685 1061 ait.
762 1008 867 1061 Hic
906 1009 1054 1061 Deus
1096 1011 1178 1061 est
1215 1011 1399 1061 noster
1440 1010 1693 1078 aequaliS,

250 1082 385 1136 Post
421 1083 554 1135 haec
593 1085 647 1134 et
683 1082 741 1134 in
778 1083 936 1135 terris
975 1082 1120 1135 visus
1153 1084 1234 1135 est
1266 1087 1610 1135 conversatus
1633 1083 1900 1136 humanis.

250 1156 443 1209 Esaias
484 1159 687 1208 autem:
726 1155 808 1208 Tu
848 1174 903 1209 es
943 1156 1113 1225 DeUS,
1153 1159 1207 1208 et
1242 1157 1632 1209 nesciebamus:

162 1244 229 1276 370
250 1230 326 1282 Et
356 1229 501 1283 Deus
533 1230 590 1282 in
619 1232 674 1281 te
706 1233 811 1299 est,
844 1233 898 1282 et
928 1233 1144 1299 praeter
1175 1232 1229 1282 te
1259 1249 1372 1283 non
1404 1231 1539 1282 alter
1570 1230 1814 1283 habetur.

250 1303 326 1356 Et
365 1304 482 1373 quis
523 1304 582 1356 in
622 1321 871 1356 occasum
910 1303 1294 1372 prophetarum
1331 1304 1450 1373 lege
1489 1304 1728 1356 veniret?

252 1376 480 1430 Cantate
520 1377 777 1445 Domine,
814 1396 1012 1430 nomen
1053 1379 1133 1429 est
1171 1377 1318 1429 Deus
1357 1377 1458 1445 illi,
1498 1377 1590 1446 qui
1628 1378 1798 1430 venit!

250 1451 326 1503 Et
363 1452 602 1520 psalmus
643 1451 707 1502 de
745 1451 865 1519 ipso
905 1452 1128 1520 quartus
1161 1451 1604 1520 quadragesimus
1628 1451 1824 1520 inquit:

253 1524 553 1578 Exaltabor
574 1541 693 1594 ⁴ego
732 1524 791 1576 in
830 1524 1082 1594 gentibus
1121 1524 1339 1578 nomine
1378 1542 1593 1594 magno.

162 1613 229 1646 375
251 1598 327 1651 Et
366 1599 496 1651 alibi
533 1599 786 1668 legimus:
826 1598 1001 1650 Hodie
1040 1600 1094 1650 te
1135 1598 1317 1667 genui,
1357 1599 1457 1666 fili3

251 1671 405 1741 Pete,
445 1675 499 1724 et
539 1671 676 1724 dabo
715 1671 838 1740 tibi,
878 1674 932 1723 et
967 1671 1194 1724 habebis
1234 1673 1422 1740 gentes
1462 1671 1699 1723 heredes.

255 1745 410 1798 Certe
448 1745 558 1798 iam
598 1745 849 1813 adparet,
890 1745 1008 1814 quis
1049 1745 1120 1796 sit
1158 1743 1303 1796 Deus
1344 1747 1397 1796 et
1436 1745 1555 1813 quis
1594 1744 1651 1796 in
1688 1743 1825 1812 ipsc,

251 1818 328 1871 Et
366 1819 514 1872 cuius
554 1819 613 1871 in
650 1819 868 1871 nomine
908 1819 1241 1871 crederemus
1283 1821 1470 1887 gentes
1510 1818 1727 1886 ubique:

252 1891 471 1945 Dictum
504 1895 586 1945 est
609 1891 825 1945 Christo
857 1911 1003 1961 meo,
1040 1894 1200 1944 teneo
1233 1892 1381 1943 cuius
1407 1891 1704 1959 dexteram,
1742 1890 1894 1943 illud:

163 1981 230 2013 380
252 1966 562 2019 Exaudiant
600 1969 811 2035 gentes,
852 1969 905 2018 et
942 1966 1171 2035 imperet
1210 1965 1461 2035 gentibus
1499 1965 1630 2033 ipse.

367 2039 507 2102 Quid
543 2040 787 2108 pluribus
814 2058 948 2108 opus
989 2042 1090 2108 est,
1132 2057 1253 2091 cum
1291 2057 1376 2091 res
1415 2041 1528 2091 tam
1555 2040 1736 2106 aperte
1774 2055 1895 2106 pro-

1077 2113 1254 2181 batur,

255 2186 391 2239 Cum
429 2187 498 2256 is,
538 2187 629 2256 qui
666 2188 904 2256 taxatur,
942 2187 1173 2256 populus
1211 2186 1321 2238 iam
1352 2186 1410 2237 in
1441 2186 1537 2237 illo
1562 2186 1825 2238 laetatur?

253 2261 340 2313 Illi
379 2263 559 2313 autem
597 2260 807 2328 miseri,
849 2261 940 2329 qui
978 2260 1192 2313 fabulas
1233 2278 1399 2312 vanas
1440 2259 1707 2310 adornant

254 2334 329 2386 Et
366 2351 586 2404 magum
624 2334 912 2400 infamant,
952 2333 1269 2386 canentibus
1309 2334 1485 2384 rostra
1524 2330 1822 2383 clusissent.

165 2420 230 2452 385
256 2407 451 2469 Quales
491 2426 583 2460 eos
623 2407 832 2459 dicam?
911 2409 1200 2474 antequam
1241 2405 1466 2472 dispersi
1504 2403 1747 2467 fuissent,

255 2480 399 2543 Quos
439 2499 537 2533 nec
577 2481 850 2532 exsulatus
890 2479 1054 2548 fregit
1090 2496 1188 2530 nec
1227 2478 1346 2546 ipsa
1386 2479 1645 2529 senectus,

256 2553 313 2607 Si
350 2571 540 2624 magus
583 2553 853 2621 adfuerat,
893 2570 986 2604 cur
1025 2569 1151 2621 ergo
1191 2552 1486 2620 prophetae
1519 2551 1823 2603 canebant?

256 2626 314 2679 81
352 2628 485 2680 false
525 2628 588 2679 de
627 2627 758 2695 ipsis
798 2626 1155 2694 pronuntiant
1191 2625 1408 2693 perdere
1446 2627 1659 2692 terram,

256 2699 409 2762 Quod
447 2701 695 2768 provenit
733 2699 796 2751 de
839 2700 948 2768 eis,
989 2699 1065 2751 sic
1107 2699 1208 2751 erit
1247 2701 1300 2750 et
1337 2699 1534 2750 falsum
1574 2697 1637 2748 de
1675 2696 1787 2749 illo.

165 2788 232 2821 390
257 2771 361 2826 Sed
401 2774 526 2842 quia
566 2777 692 2826 sunt
724 2774 890 2842 spreti
924 2790 1154 2841 semper,
1195 2771 1334 2840 quod
1367 2771 1573 2823 cruenti
1603 2771 1835 2839 fuerunt,

258 2845 460 2900 Contra
500 2865 654 2899 suum
694 2846 984 2899 Dominum
1023 2845 1291 2898 rebellant
1328 2861 1546 2914 magum
1571 2845 1822 2912 dicentes,
