2020 3192
263 231 333 283 10
661 280 664 284 ,
893 232 1259 279 OOMMODIAN
1260 235 1281 278 I

256 351 519 404 Exultent
556 354 752 416 terrae,
792 352 1146 406 iocundentur
1183 355 1393 406 insulae
1433 355 1649 407 multae.

259 423 346 477 Sic
388 428 441 477 et
478 425 812 493 patriarchae
850 426 1013 479 Iacob
1053 427 1355 480 benedictio
1396 446 1525 480 vera

156 560 164 567 Ι
255 497 446 550 Paruit
484 499 541 550 in
581 501 789 569 gentes:
829 499 935 553 Hic
974 501 1077 553 erit
1115 519 1235 570 spes
1276 501 1538 571 gentium,
1578 503 1766 572 inquit.

168 587 233 620 295
260 570 370 625 Sub
418 573 564 626 caelo
609 591 719 626 non
769 573 914 626 aliud
958 592 1157 627 nomen
1204 577 1286 627 est
1338 575 1444 628 nisi
1500 575 1706 629 Christi
1747 594 1896 646 prae-

1076 649 1264 717 latum,
1973 646 1979 660 ¹

254 718 319 771 In
359 720 507 772 0111118
546 722 764 774 nomine
804 721 1143 775 crediderunt
1182 726 1366 792 gentes
1405 723 1616 792 ubique.

365 792 493 846 Non
531 795 610 847 ita
650 795 934 848 suademur
973 796 1185 848 credere
1223 815 1321 865 pro
1360 799 1601 865 tempore
1641 815 1810 867 cass0,

257 864 360 919 Sed
397 870 619 936 propter
655 869 899 921 futurum
937 872 1173 938 tempus,
1218 871 1277 921 in
1315 873 1533 923 aeterno
1572 871 1824 924 viventes

253 938 403 992 Haec
444 942 706 1009 speranda
743 943 902 995 nobis
944 961 1064 1011 spes
1091 945 1193 1007 est,
1235 943 1560 1011 sempiterno
1587 945 1825 1014 frunisci,

164 1028 230 1062 300
252 1011 378 1066 Non
416 1015 543 1079 ista,
585 1034 720 1083 quae
759 1015 970 1085 fragilis
1011 1017 1117 1069 cito
1158 1019 1335 1068 mutat
1374 1016 1570 1086 gaudia
1600 1020 1803 1072 nostra.

255 1085 374 1139 Sint
411 1088 537 1140 licet
576 1089 793 1142 divitiae
831 1108 960 1158 prae
994 1090 1162 1143 0011118
1201 1090 1380 1142 lautae
1419 1090 1690 1162 fruendae,

250 1159 566 1214 Excluderis
605 1163 716 1215 illis
758 1163 1053 1216 substituta
1091 1166 1266 1216 morte
1307 1164 1557 1231 caducus3

253 1233 310 1287 Si
347 1237 793 1306 perseveraveris,
837 1237 1104 1290 horrescis
1145 1237 1259 1305 ipse
1298 1237 1541 1307 vivendO,

254 1307 367 1360 Aut
408 1309 453 1361 si
492 1310 740 1363 valetudo
780 1311 944 1363 fuerit
981 1312 1145 1374 mala,
1186 1329 1290 1379 quo
1329 1311 1430 1362 tibi
1467 1310 1616 1363 vita?

160 1396 227 1430 305
252 1381 602 1435 Tormentum
636 1387 718 1436 est
747 1387 951 1454 totum,
983 1385 1126 1453 quod
1157 1385 1385 1437 vivimus
1416 1384 1523 1437 isto
1558 1385 1656 1436 sub
1690 1403 1836 1439 aev0.

250 1454 393 1508 Hinc
433 1457 565 1509 adeo
603 1457 760 1510 nobis
802 1461 883 1511 est
923 1476 1044 1526 spes
1083 1458 1141 1510 in
1178 1458 1361 1510 futuro
1403 1458 1725 1526 quaerenda:

243 1528 369 1582 Hoc
407 1530 554 1583 Deus
593 1531 866 1596 hortatur,
905 1532 1008 1584 hoc
1046 1532 1154 1600 leX,
1192 1532 1296 1583 hoc
1333 1531 1513 1599 passio
1557 1528 1775 1602 Christi,
1983 1512 2020 1571 ‘2¹

249 1601 327 1655 Ut
363 1608 756 1657 resurrecturos
795 1623 895 1658 nos
937 1605 1229 1657 credamus·
1253 1605 1311 1655 in
1349 1622 1490 1656 novo
1531 1606 1723 1658 saeclo.

252 1673 340 1728 Sic
380 1677 482 1730 Dei
520 1678 606 1729 lex
646 1679 868 1731 clamat:
907 1679 1062 1730 fieret
1101 1696 1219 1730 cum
1256 1677 1473 1729 humilis
1512 1675 1688 1747 Altus,

159 1765 226 1798 310
251 1748 474 1802 Cederet
511 1751 775 1820 infernus3
814 1754 876 1804 ut
913 1750 1089 1803 Adam
1127 1752 1396 1803 levaretur
1435 1768 1466 1801 a
1505 1753 1693 1819 morte,

248 1821 540 1876 Descendit
607 1825 666 1877 in
741 1826 1009 1878 tumulum
1093 1823 1359 1876 Dominus
1446 1841 1571 1876 suae
1654 1825 1892 1892 plasmae

1070 1899 1321 1950 misertus
1356 1943 1368 1950 .

249 1969 323 2022 Et
364 1972 438 2023 810
476 1988 572 2039 per
611 1973 818 2024 occulta
858 1972 1086 2024 inanivit
1122 1972 1287 2024 fortia
1326 1970 1529 2024 mortis·

250 2042 503 2113 Obrepsit
540 2044 805 2098 Dominus
844 2046 1014 2098 veteri
1051 2045 1251 2098 latroni
1290 2045 1492 2096 celatus

247 2116 323 2169 Et
360 2119 474 2186 pati
514 2137 570 2171 se
609 2120 803 2188 voluit,
843 2137 947 2188 quo
986 2120 1160 2188 magis
1199 2120 1561 2187 prosterneret
1597 2117 1789 2185 ipsum.

158 2202 224 2234 315
249 2190 348 2243 Ille
389 2192 603 2261 quidem
645 2192 818 2245 audax
858 2196 912 2245 et
952 2211 1161 2261 semper
1202 2210 1391 2245 saevus
1431 2194 1492 2243 ut
1529 2191 1717 2259 hostis,

247 2263 390 2316 Dum
417 2269 597 2334 sperat
626 2267 685 2319 in
715 2267 989 2319 hominem
1023 2266 1240 2330 saevire,
1274 2266 1443 2318 victus
1476 2283 1507 2316 a
1541 2263 1759 2316 Summo
1794 2265 1890 2328 est,

247 2337 352 2390 Per
406 2340 547 2409 quod
601 2341 751 2408 prius
808 2341 1083 2392 hominem
1135 2339 1502 2408 prostraverat
1554 2339 1725 2388 morte
1779 2354 1890 2389 ma-

1066 2413 1261 2481 lignUS,

246 2483 330 2536 Ex
369 2486 488 2554 ipso
529 2486 792 2539 devictus:
831 2486 971 2538 unde
1010 2486 1167 2539 nobis
1207 2485 1319 2537 vita
1357 2484 1620 2552 provenit.

248 2557 423 2610 Adam
463 2559 745 2630 degustato
784 2578 946 2628 pomo
986 2559 1123 2612 mori
1160 2559 1337 2610 iussus
1378 2558 1570 2610 abivit:

157 2642 224 2675 320
250 2629 413 2684 Cuius
454 2632 518 2685 de
556 2637 777 2702 peccato
817 2633 1077 2685 morimur
1118 2632 1302 2700 stirpis
1343 2632 1455 2683 eius
1496 2647 1696 2683 omnes.

245 2704 396 2757 Idem
436 2706 527 2758 sed
564 2707 761 2760 iterum
800 2706 1018 2759 Domini
1058 2705 1121 2758 de
1160 2706 1310 2774 ligno
1350 2704 1501 2756 vitali

182 2791 184 2793 ’
248 2775 304 2830 Si
328 2781 654 2849 sumpserit,
693 2782 783 2832 ille
821 2781 879 2832 in
918 2783 1197 2832 aeternum
1235 2779 1379 2831 vivet
1415 2779 1688 2830 honestus.

245 2850 392 2904 Mors
431 2853 491 2905 in
528 2854 678 2923 ligno
716 2854 821 2906 fuit
861 2856 915 2905 et
952 2854 1009 2905 in
1046 2853 1195 2922 ligno
1235 2853 1349 2905 vita
1386 2852 1608 2920 latebat,
