2020 3192
273 155 307 207 2
903 150 1298 199 COMMODIANI

207 290 250 324 25
276 274 648 328 Communicet
685 276 849 327 immo
889 276 1015 327 talis
1054 275 1356 327 bonitatem
1394 275 1453 326 in
1493 292 1694 344 omnes,

275 347 376 401 Oui
416 348 668 402 Summus
709 348 943 416 divitiaS,
980 348 1210 400 honores
1253 347 1457 400 addidit
1495 348 1652 400 altos.

271 421 386 475 Nec
426 422 570 474 enim
607 421 853 490 vitupero
894 421 1107 474 divitias
1148 422 1302 474 datas
1343 439 1375 472 a
1414 419 1652 490 8111111110,

275 495 378 549 8611
418 495 712 563 culpandus
753 495 877 564 erit,
918 495 1008 564 qui
1049 494 1483 563 superextollitur
1520 495 1643 547 illis.

275 567 481 621 Suadeo
521 587 664 621 nunc
703 585 802 638 ego
843 569 982 621 altos
1024 569 1099 621 sic
1137 571 1192 620 et
1227 568 1459 620 humiles
1501 586 1702 637 omneS,

207 659 250 693 30
271 641 348 695 Ut
386 643 574 711 legant
613 642 823 695 assidue
862 643 947 695 vel
985 642 1091 694 ista
1129 642 1214 695 vel
1253 645 1431 695 cetera
1469 642 1619 711 legis,

383 716 648 785 Aspicite,
689 716 940 785 quoniam
977 716 1156 768 brevis
1196 718 1279 768 est
1315 715 1471 768 nobis
1512 715 1713 767 credita
1751 716 1879 786 vita,

271 788 500 857 Discite,
539 792 864 858 quapropter
901 790 1208 843 moriamur.
1282 787 1417 842 Nati
1455 789 1761 857 prudenteS,

274 863 377 926 Qui
414 863 632 918 hebetes
673 864 953 930 morimur,
993 863 1122 931 quid
1160 862 1366 930 profuit
1402 863 1576 915 lucem
1608 862 1844 915 vidisse?

273 935 330 988 Si
368 936 506 988 1111111
543 936 807 1005 inquiras,
844 936 947 988 hoc
988 939 1071 987 est
1108 936 1409 987 belluarum
1448 936 1648 989 adesse.

205 1025 248 1058 35
273 1009 429 1069 Certe
467 1009 615 1062 Deus
657 1028 896 1062 summus
936 1009 1212 1061 hominem
1251 1009 1564 1077 praeposuit
1605 1010 1740 1078 orbi,

271 1082 398 1136 Non
443 1083 615 1140 feram
669 1101 768 1136 nec
826 1083 1100 1151 pecudem.
1183 1080 1290 1134 Cur
1342 1100 1441 1134 nos
1497 1082 1794 1136 similemus
1850 1083 1918 1136 ad

1092 1155 1252 1208 illas‘?

273 1229 632 1298 Omnipotens
671 1229 844 1282 voluit
883 1229 1158 1282 hominem
1199 1229 1302 1281 sibi
1340 1229 1596 1297 praebere
1628 1229 1841 1299 laudes3

271 1303 477 1356 Idcirco
516 1303 699 1355 futura
738 1304 919 1356 docuit
954 1321 1052 1355 nos
1092 1303 1208 1371 ipse
1247 1302 1471 1355 divinos.

274 1376 447 1439 Quem
485 1380 546 1428 ut
587 1377 944 1445 crederemus,
982 1395 1092 1429 non
1129 1378 1341 1428 tantum
1378 1376 1544 1428 verba
1580 1378 1806 1447 tonavit,

205 1467 249 1498 40
275 1448 378 1502 Sed
416 1453 470 1502 et
509 1450 900 1503 demonstravit
937 1450 1102 1502 fortia
1139 1449 1423 1502 Pharaone
1463 1450 1702 1519 decepto,

272 1522 398 1576 Non
437 1525 611 1576 solum
647 1523 751 1576 hoc
789 1524 942 1577 fecit:
983 1526 1036 1576 et
1073 1522 1191 1576 Noe
1225 1523 1324 1576 sub
1355 1525 1603 1591 tempora
1634 1542 1843 1594 quoque

274 1596 546 1662 Ostendit,
595 1615 729 1665 quae
767 1600 1003 1666 poterat,
1050 1597 1307 1665 quoniam
1346 1596 1521 1649 Deum
1561 1615 1720 1650 nemo
1760 1617 1917 1667 quae·

1091 1670 1260 1722 rebat.

272 1743 460 1797 Mitior
499 1743 685 1795 exinde
723 1744 987 1811 paulatim
1028 1743 1204 1811 coepit
1243 1742 1427 1795 adesse

273 1817 489 1869 Diluvio
529 1817 673 1869 facto
682 1858 696 1884 ,
737 1835 840 1885 quo
880 1820 1066 1885 posset
1104 1820 1249 1869 terra
1278 1817 1486 1884 repleri.

207 1906 249 1939 45
385 1890 501 1942 Iam
539 1907 709 1959 paene
749 1890 1008 1943 medietas
1047 1908 1310 1942 annorum
1351 1908 1443 1942 sex
1479 1890 1695 1943 milibus
1734 1891 1863 1961 ibat,

271 1963 347 2015 Et
384 1982 544 2016 nemo
585 1964 790 2016 sciebat
826 1964 1149 2032 Dominum,
1188 1964 1496 2032 passimque
1534 1964 1805 2017 vivebant.

208 2084 218 2087 -
275 2036 379 2089 Sed
410 2036 578 2105 Deus,
617 2041 678 2089 ut
714 2040 934 2105 pectora
972 2038 1108 2091 vidit
1137 2037 1418 2089 hominum
1448 2037 1610 2090 nimis
1644 2039 1843 2108 clausa,

272 2110 599 2180 Adloquitur
621 2110 914 2173 Abraham.
976 2110 1146 2173 Quem
1169 2110 1387 2179 Moyses
1413 2111 1659 2164 enuntiat
1686 2112 1879 2180 ipsum,

272 2183 395 2252 Ipse
436 2184 580 2237 dedit
616 2185 792 2254 legem
829 2185 1029 2254 populo
1068 2185 1352 2238 Pharaone
1389 2187 1601 2254 necat03

207 2273 251 2306 50
273 2257 348 2309 Et
387 2258 505 2327 quis
546 2262 689 2311 esset
727 2258 1016 2327 Dominus,
1061 2259 1176 2327 ipse
1225 2276 1280 2311 se
1318 2258 1584 2326 praedixit
1624 2258 1691 2309 ab
1731 2257 1840 2311 illo.

273 2330 387 2384 Nec
426 2350 534 2384 una
574 2335 859 2386 contentus
898 2332 1214 2401 prophetica
1251 2349 1380 2384 voce
1417 2330 1700 2398 promittit,

276 2403 379 2457 Sed
417 2406 614 2458 multos
655 2406 899 2458 adhibuit
935 2409 1101 2458 testes
1141 2405 1232 2472 qui
1269 2403 1402 2456 illud
1441 2403 1756 2455 declamant.

274 2477 433 2531 Hunc
472 2496 624 2549 ergo,
662 2497 783 2532 cum
813 2479 992 2548 legitis
1017 2478 1309 2531 multorum
1331 2477 1619 2545 praeconia
1640 2479 1840 2547 vatum,

274 2550 565 2605 Invenietis
605 2570 727 2604 eum
763 2553 822 2604 in
861 2570 1076 2604 carnem
1113 2551 1323 2604 venisse
1361 2569 1459 2618 pro
1498 2549 1669 2602 nobis.

208 2639 251 2673 55
275 2623 427 2678 Unde
466 2644 610 2678 nunc
649 2625 893 2678 erratur?
963 2624 1249 2677 Ordinasse
1287 2623 1423 2675 talia
1463 2621 1742 2676 Summum

277 2697 448 2760 Quare
490 2699 857 2752 subsannant?
896 2701 1128 2767 merunt‚
1167 2697 1308 2767 quod
1348 2697 1414 2749 ab
1453 2697 1571 2764 ipso
1602 2696 1863 2750 ridentur!

274 2771 548 2824 Interdum
588 2773 813 2842 subicio,
852 2773 1084 2842 qualiter
1120 2771 1360 2840 praelegi
1398 2770 1706 2840 prophetaS,
