2020 3192
232 240 295 285 VI
863 241 1225 286 PRAEFATIO.

231 364 327 414 est.
382 361 445 413 cf.
471 360 718 430 Spicileg.
744 360 964 415 Solesm.
994 364 1033 414 t.
1057 360 1137 414 IV
1158 360 1324 429 praef.
1346 379 1396 429 p.
1419 360 1486 414 H.
1532 361 1868 417 Roenschius

232 434 443 487 collatis
469 433 732 488 Gennadii
763 433 853 505 (cf.
876 433 957 487 De
982 435 1077 488 vir.
1100 435 1178 486 ill.
1203 453 1245 487 c.
1274 432 1364 505 15)
1397 434 1573 488 verbis
1595 437 1800 504 scrzjosit
1821 478 1831 490 .
1857 478 1869 491 .

233 508 420 560 librum
471 509 711 561 adversus
762 508 1004 576 Paycmos
1055 508 1461 576 inscriptionem
1515 508 1659 561 dedit
1710 510 1871 563 hanc:

233 579 540 633 OARMEN
563 580 1132 635 APOLOGETICVM
1169 583 1410 635 adversus
1439 581 1661 635 Iudaeos
1697 587 1746 636 et
1765 583 1871 636 Pa-

226 671 410 723 9au083
445 655 539 707 sed
571 655 635 708 cf.
661 654 853 724 Ebert,
885 655 1218 725 Allgemeine
1254 654 1575 708 Geschichte
1609 655 1701 708 der
1731 656 1870 709 Lite-

231 730 381 780 ratur
421 728 512 781 des
543 727 887 782 Mittelalters
919 730 996 781 im
1025 728 1376 782 Abendlande
1406 727 1433 780 I
1463 747 1514 796 p.
1547 729 1632 799 87,
1672 730 1790 782 adn.
1822 731 1870 784 3.

230 801 494 870 Equidem
531 820 728 855 nomen
767 803 1019 855 carminis
1057 803 1351 871 apoloyetiet
1396 819 1517 855 cum
1557 807 1871 872 argumento

230 875 448 927 minime
497 876 781 929 convenire
828 894 1041 946 censeo,
1092 877 1182 928 sed
1229 876 1447 944 retinui,
1496 876 1690 945 quippe
1731 877 1872 946 quod

233 949 374 1017 apud
414 967 597 1002 omnes
635 950 1014 1019 pervulgatum
1054 952 1150 1003 est.

379 1041 426 1074 v.
458 1023 508 1076 2.
549 1023 676 1089 Quis
711 1024 818 1077 uisi
839 1040 985 1090 quem
1006 1022 1269 1077 sustulerit
1296 1021 1355 1090 L,
1387 1022 1513 1075 Nisi
1549 1039 1695 1090 quem
1723 1025 1771 1077 is
1795 1028 1872 1077 tu-

233 1095 349 1147 lerit
383 1094 455 1164 M,
492 1097 608 1163 quis
640 1114 702 1149 ex
733 1097 888 1149 initio
927 1115 975 1149 v.
1002 1097 1053 1160 1,
1092 1097 1337 1149 istulerit
1373 1095 1640 1164 scriptura
1678 1097 1872 1151 codicis
1932 1151 1939 1157 ,

234 1171 471 1221 correcta
508 1170 566 1221 in
603 1171 886 1235 sustulerit,
937 1170 1139 1239 repetii.
1215 1169 1259 1221 P
1297 1170 1356 1221 in
1395 1187 1503 1222 exe.
1540 1173 1666 1237 post
1703 1172 1877 1224 tulerit

233 1242 426 1294 maluit
466 1243 608 1312 louye
636 1245 721 1296 vel
740 1244 926 1311 procul
955 1245 1213 1312 inserere,
1251 1242 1402 1295 Lbch
1422 1243 1579 1310 prius
1608 1262 1655 1296 v.
1676 1246 1874 1313 prim03

231 1316 339 1368 rusi
381 1333 528 1382 quem
571 1318 620 1370 is
663 1318 767 1384 ipse
805 1318 1071 1371 abstulerit
1105 1317 1176 1386 R,
1223 1335 1344 1369 cum
1381 1316 1673 1384 respiceret
1710 1317 1872 1371 Instr.

237 1390 288 1456 1,
333 1389 385 1456 1,
426 1390 459 1442 6
500 1388 800 1460 (abstulit);
839 1410 887 1444 u.
926 1411 969 1455 q.
999 1392 1046 1444 is
1082 1391 1347 1444 abstulerit
1382 1389 1450 1442 H.
1490 1420 1560 1427 —
1598 1410 1647 1443 v.
1686 1391 1719 1443 3
1761 1409 1874 1461 sqq.

233 1464 397 1516 inani.
458 1462 605 1516 Dum
636 1506 648 1516 .
680 1506 691 1517 .
725 1506 736 1517 .
767 1481 951 1533 auras,
990 1464 1123 1518 Plus
1152 1505 1164 1517 .
1197 1505 1208 1516 .
1242 1506 1253 1516 .
1283 1462 1349 1532 R,
1386 1465 1558 1535 inani,
1596 1464 1742 1517 Dum
1773 1505 1786 1516 .
1818 1506 1830 1518 .
1862 1506 1875 1518 .

232 1553 406 1589 auras.
460 1536 606 1591 Plus.
636 1537 694 1590 P.
739 1569 801 1575 —
843 1557 891 1590 v.
924 1537 973 1591 5.
994 1538 1120 1605 plus
1151 1538 1317 1601 levior,
1355 1538 1499 1591 haud
1522 1556 1646 1592 raro
1678 1538 1737 1590 in
1769 1556 1875 1590 ser-

235 1627 393 1661 mone
430 1610 641 1678 plebeio
670 1611 796 1678 plus
834 1611 1199 1680 comparativo
1236 1611 1493 1681 iungitur,
1531 1613 1595 1665 ef.
1635 1614 1689 1662 et
1711 1613 1877 1679 mayis

235 1682 538 1752 insequitur
574 1685 782 1751 plenius
821 1684 1123 1751 ostendere,
1169 1703 1217 1737 v.
1254 1683 1386 1752 4783
1425 1686 1545 1754 plus
1592 1685 1876 1753 humidior,

238 1755 296 1807 in
338 1755 572 1809 Oribasii
610 1759 852 1811 versione
890 1757 1008 1810 Lat.
1039 1756 1302 1810 Bernensi
1341 1754 1443 1826 (ed.
1474 1755 1702 1828 Hagen)-
1735 1759 1788 1825 1,
1831 1759 1876 1813 1.

238 1829 460 1883 calidior
483 1831 620 1900 plus,
659 1831 785 1885 ibid.
813 1831 896 1901 17,
931 1833 1012 1884 11.
1069 1832 1188 1899 plus
1223 1832 1466 1900 superius
1502 1833 1550 1899 7,
1575 1832 1668 1899 303
1700 1832 1875 1900 magis

236 1902 434 1972 durior,
472 1903 647 1972 Epist.
685 1903 937 1956 Anthimi
974 1905 1046 1957 43
1087 1904 1190 1970 (ed.
1228 1904 1371 1957 Rose
1409 1906 1467 1956 in
1507 1905 1747 1957 anecdot.
1786 1904 1876 1957 Gr.

237 1979 291 2027 et
331 1976 631 2030 Graeeolat.
668 1996 719 2046 p.
759 1976 868 2049 84).
943 1977 1070 2030 Alia
1107 1977 1157 2029 R
1197 1975 1342 2047 (Ital.
1380 1997 1431 2046 p.
1471 1975 1602 2048 279)
1643 1978 1876 2048 collegit.

236 2049 560 2103 Luculenter
610 2051 673 2103 de
712 2051 815 2104 hac
862 2052 1281 2120 comparationis
1326 2052 1533 2104 ratione
1579 2051 1629 2104 J.
1674 2050 1741 2104 N.
1781 2050 1877 2104 Ott

239 2123 534 2192 disputavit
577 2124 634 2176 in
679 2124 1073 2194 dissertatione,
1121 2143 1254 2194 quae
1293 2125 1474 2178 insen:
1521 2126 1604 2178 die
1643 2123 1876 2193 Doppel-

237 2197 525 2266 gradation
571 2198 664 2251 des
710 2199 802 2251 lat.
847 2198 1123 2266 Adjectivs
1170 2201 1267 2252 etc.
1322 2198 1402 2268 (in
1448 2198 1634 2251 Jahnii
1681 2199 1876 2250 annall.

243 2270 384 2324 1875
421 2290 473 2340 p.
508 2271 612 2324 788
654 2270 790 2340 sqq.)
834 2303 900 2310 -—
939 2273 1170 2325 adessent
1204 2290 1302 2339 pro
1342 2275 1534 2339 essent,
1573 2271 1638 2323 cf.
1678 2271 1765 2338 34,
1803 2271 1875 2323 43

238 2347 350 2409 etc„
389 2344 454 2397 cf.
484 2344 639 2397 indic.
662 2344 945 2398 Latinitat.
979 2376 1042 2383 —
1077 2364 1126 2397 v.
1151 2346 1199 2397 8.
1229 2346 1541 2397 incantando
1571 2344 1875 2396 incantans:

240 2418 558 2486 gerundium
596 2436 695 2487 pro
734 2418 1018 2487 participio
1056 2418 1353 2487 praesentis
1392 2417 1663 2485 positum,
1697 2417 1761 2469 cf.
1800 2417 1874 2468 di-

241 2491 405 2544 cendo
435 2492 555 2561 178,
585 2491 913 2545 transeundo
942 2492 1062 2560 186,
1092 2491 1318 2543 vivendo
1343 2491 1466 2559 303,
1499 2489 1727 2542 amando
1753 2490 1876 2558 505,

240 2565 505 2632 precando
546 2567 657 2629 ete„
696 2565 760 2618 cf.
799 2564 959 2617 indic.
990 2564 1269 2617 Latinitat.
1296 2605 1306 2615 .
1330 2563 1411 2616 De
1452 2582 1556 2633 quo
1596 2581 1697 2615 usu
1737 2563 1802 2614 cf.
1825 2562 1875 2614 R

239 2637 361 2690 Ital.
398 2657 448 2707 p.
480 2639 589 2691 432
622 2657 734 2708 sqq.
775 2641 830 2690 et
867 2638 1109 2706 exempla
1147 2654 1211 2688 ex
1242 2636 1449 2689 Oribas.
1487 2655 1620 2689 vers,
1661 2638 1876 2704 sumpta

239 2711 298 2762 in
343 2712 569 2779 praefat.
607 2710 748 2781 Hag.
795 2730 845 2780 p.
883 2710 1063 2779 XXII,
1111 2713 1386 2779 praeterea
1422 2708 1593 2761 Diezii
1639 2708 1874 2761 Gramm.

240 2783 549 2854 linguarum
565 2784 987 2838 Romanensium
1003 2783 1086 2837 III
1110 2803 1160 2852 p.
1178 2784 1282 2836 247
1303 2782 1404 2852 (ed.
1420 2781 1513 2852 ΙΙ).
1531 2814 1601 2820 —-
1617 2783 1876 2849 maliquas

240 2856 312 2925 M,
334 2859 548 2911 restitui
570 2858 1000 2926 interpunctione
1025 2859 1150 2925 post
1171 2873 1367 2909 mersus
1383 2856 1580 2923 deleta,
1606 2855 1874 2923 malignus
