2020 3192
670 874 1250 938 PRAEFATIO.

287 1038 353 1091 In
407 1036 758 1091 adnotatione
810 1036 996 1090 critica
1049 1035 1312 1106 subiecta,
1365 1039 1427 1090 ut
1474 1036 1537 1089 de
1585 1037 1781 1090 codicis

83 1159 85 1161 .
139 1113 461 1166 lectionibus
485 1114 540 1164 et
563 1111 627 1163 de
651 1109 1112 1163 emendationibus
1136 1128 1169 1162 a
1191 1128 1277 1163 me
1299 1111 1527 1179 receptis
1552 1111 1781 1164 lectores

139 1204 435 1255 monerem,
471 1185 557 1237 his
596 1184 741 1237 notis
780 1202 909 1236 usus
949 1201 1089 1235 sum:

373 1272 423 1316 M
533 1291 588 1307 =
621 1270 723 1314 cod.
754 1269 1160 1314 Mediomontanus
1192 1269 1506 1326 (middlehill).

373 1330 411 1374 P
530 1350 584 1366 =
615 1327 760 1374 Pitra.

373 1389 414 1432 D
529 1409 584 1425 =
615 1387 847 1432 Duebner.

373 1447 446 1491 Eb
527 1468 583 1483 =
613 1446 772 1491 Ebert.

372 1506 506 1550 Lbch
530 1526 584 1542 =
617 1505 883 1549 Leimbach.

373 1565 415 1608 R
532 1585 587 1600 =
618 1563 846 1608 Roensch.

372 1624 418 1667 H
531 1644 586 1659 =
616 1621 901 1679 Hilgenfeld.

374 1683 411 1726 L
533 1703 588 1718 =
619 1680 830 1738 Ludwig.

136 1758 433 1828 Egregium
470 1756 761 1810 Roenschii
791 1757 992 1810 librum
1032 1776 1189 1827 saepe
1219 1758 1526 1827 laudatum,
1569 1758 1661 1827 qui
1701 1759 1781 1811 in-

139 1832 414 1885 scribitur:
453 1831 599 1884 Itala
620 1831 732 1884 und
760 1831 998 1900 Vulyata.
1058 1831 1178 1886 Das
1199 1831 1559 1901 Spraehidiom
1581 1833 1672 1885 der
1693 1850 1781 1885 ur-

137 1905 455 1958 chmistlichen
477 1904 623 1957 Itala
643 1906 755 1958 und
773 1906 862 1958 der
883 1905 1226 1960 katholischen
1258 1906 1479 1974 Vulgata
1501 1909 1588 1960 etc.
1620 1907 1694 1959 ed.
1712 1906 1790 1958 II

137 1979 221 2031 his
258 1978 458 2031 litteris
496 1977 762 2031 indicaui:
800 1978 923 2032 Ital.
963 2011 1032 2017 —

286 2049 832 2105 COMMODIANVS.
907 2050 1301 2105 EPISOOPVS
1345 2051 1781 2106 AFRICANVS.

140 2122 445 2178 CARMEN
468 2123 1033 2179 APOLOGETIOVM
1057 2124 1443 2180 ADVERSVS
1460 2125 1783 2180 IVDAEOS

138 2197 233 2251 ET
272 2196 558 2251 GENTES
618 2198 664 2251 P
702 2199 925 2252 carmini
962 2199 1259 2269 inscripsit3
1297 2200 1355 2252 in
1392 2199 1570 2253 codice
1608 2217 1783 2269 neque

138 2274 327 2340 poetae
358 2290 530 2340 neque
556 2272 730 2340 operis
755 2273 1035 2341 inscriptio
1060 2276 1251 2326 exstat.
1307 2271 1410 2326 Sed
1435 2274 1780 2342 subscriptio-

137 2345 221 2398 nis
258 2345 530 2470 fragmina
569 2347 857 2414 superstita
895 2346 1028 2399 haec
1067 2347 1321 2399 emicant:

488 2418 715 2473 ..PLIC
755 2418 1109 2547 ΤΒᾶλΟΤΑΟΤ.
1149 2419 1274 2474 SOI.
1312 2418 1531 2474 EPISO.

138 2563 256 2617 Iam
286 2583 412 2619 vero
444 2565 710 2619 Martinus
743 2566 931 2621 Houth
956 2566 1298 2636 OxoniensiS,
1329 2568 1410 2620 vir
1441 2566 1573 2619 tam
1603 2570 1781 2620 mente
1859 2618 1864 2621 o

139 2655 300 2705 quam
347 2657 507 2692 sensu
555 2640 879 2710 acerrimus'²
930 2659 1088 2711 quem
1136 2641 1374 2694 Thomas
1421 2640 1668 2710 Philipps
1715 2641 1780 2694 de

141 2712 371 2764 eruenda
402 2713 794 2782 subscriptione
825 2715 1122 2784 consuluit,
1153 2733 1273 2768 cum
1298 2715 1346 2766 ei
1370 2714 1607 2767 codicem
1631 2732 1779 2767 accu-

142 2783 313 2836 ratius
362 2785 669 2854 inspicienti
707 2786 886 2840 Pitrae
934 2788 997 2840 de
1038 2786 1426 2842 Commodiano
1473 2788 1779 2841 coniectura

141 2856 349 2910 obiecta
394 2862 557 2928 esset,
609 2860 712 2913 hoc
756 2863 949 2929 poetae
994 2880 1194 2914 nomen
1238 2862 1435 2931 legisse
1483 2861 1584 2914 sibi
1630 2861 1779 2914 visus
