2020 3192
257 212 289 262 8
884 210 958 255 CO
965 210 1280 256 MMODIANI

256 330 311 384 Is
353 334 491 400 erat,
532 349 689 400 quem
727 333 948 398 propter
986 334 1135 384 vates
1176 331 1239 382 de
1278 331 1411 383 tuba
1450 332 1731 402 canebant,

255 404 321 456 In
361 423 457 457 sua
496 407 782 457 venturum
819 403 1060 473 propria,
1101 423 1258 473 quem
1299 405 1381 457 sui
1418 409 1702 474 negarent3

255 478 551 547 Improvidi
591 495 799 546 semper
838 480 891 529 et
929 477 1061 530 dura
1099 479 1299 531 cervice
1339 479 1585 548 recalceS‚

166 565 232 597 230
255 551 400 604 Dum
431 554 692 620 respuunt
721 551 978 621 formam,
1018 555 1352 604 sacramenta
1382 553 1518 621 legis
1551 553 1823 607 amittunt.

254 625 382 678 Non
418 625 541 678 illos
580 626 790 678 iustitia
826 625 1080 695 humileS‚
1120 644 1246 678 caro
1285 629 1440 693 nata,
1479 627 1717 696 refregit,
1837 635 1841 638 ’

253 698 369 751 Ν60
407 699 623 752 bonitas
661 701 818 751 tanta
859 702 952 751 aut
990 717 1273 769 aegrorum
1313 718 1440 752 cura
1480 700 1544 752 de
1583 701 1762 754 verbo.

257 771 301 825 Ο
340 773 432 841 pia
469 773 682 842 religio,
723 791 754 824 0
792 775 906 825 tam
945 774 1249 826 veneranda
1286 775 1555 842 maiestaS,
1628 837 1633 843 .

258 844 422 899 Cuius
462 846 729 898 medicina
767 847 949 898 taliter
986 847 1046 898 in
1083 849 1229 899 terra
1266 848 1517 915 profecit!

166 932 231 965 235
257 918 384 972 Non
421 920 514 972 ille
555 919 618 971 de
656 920 798 972 ferro
842 920 1032 987 secuit,
1070 938 1183 973 non
1224 921 1516 988 emplastro
1557 922 1780 991 curavit,

258 992 362 1045 Sed
403 994 515 1046 sine
554 995 825 1045 tormento
869 993 1053 1045 statim
1093 1011 1189 1045 suo
1230 994 1372 1046 dicto
1414 994 1638 1046 sanavit.

255 1066 411 1119 Talia
448 1067 692 1120 videntes
730 1067 1092 1119 turbabantur
1130 1069 1310 1119 mente
1348 1066 1548 1136 Iudaei,

257 1139 360 1202 Qui
399 1140 556 1193 malis
595 1140 828 1193 invidiae
869 1139 1014 1192 ducti
1055 1143 1202 1210 sunt,
1241 1141 1300 1192 in
1338 1141 1452 1193 zelo
1491 1141 1675 1194 livoris

254 1212 381 1266 Non
420 1214 763 1282 respicientes
802 1214 1187 1282 prophetarum
1226 1214 1370 1267 dicta
1407 1214 1624 1282 seducti,

165 1299 231 1331 240
257 1287 411 1350 Quod
449 1287 660 1340 veniret
695 1287 861 1340 homo
900 1288 1048 1355 talis,
1088 1287 1180 1356 qui
1221 1287 1551 1356 dispergeret
1587 1288 1726 1341 11108.

258 1360 546 1430 Quousque
585 1361 792 1413 veniret
830 1361 1119 1428 DominUS,
1159 1361 1455 1429 prophetae
1495 1361 1786 1415 canebantt

254 1433 341 1486 Ex
381 1453 467 1503 60,
507 1452 611 1503 quo
652 1435 827 1503 venit,
866 1435 1036 1487 tacuit
1073 1434 1360 1503 prophetia
1397 1434 1624 1488 Iudaeis,

254 1507 386 1560 Post
425 1527 582 1577 quem
621 1509 680 1560 in
719 1508 936 1560 exilium
976 1508 1303 1560 devenerunt
1341 1508 1497 1560 corde
1538 1508 1726 1561 durato

256 1580 371 1634 Nec
410 1582 572 1635 modo
614 1582 921 1649 dinoscunt,
962 1585 1288 1650 quapropter
1327 1581 1435 1634 sint
1472 1582 1608 1633 talia
1645 1582 1811 1649 passi.

169 1665 237 1700 245
261 1654 601 1707 Praedictum
639 1654 819 1707 fuerat
857 1655 968 1707 illis
1011 1655 1077 1707 ab
1116 1655 1341 1707 Esaiam
1379 1654 1697 1722 prophetam

257 1727 332 1781 Et
369 1727 650 1780 Danielem
691 1729 848 1780 simul
887 1728 1010 1797 iter,
1051 1747 1156 1797 quo
1196 1727 1482 1797 perderent
1518 1730 1735 1796 terram,

260 1800 407 1863 Quae
445 1820 559 1855 non
598 1803 723 1854 ante
762 1805 969 1870 tamen,
1007 1802 1113 1854 nisi
1153 1801 1257 1853 dux
1297 1801 1532 1854 civitatis
1571 1801 1628 1853 in
1666 1801 1789 1869 ipsa

257 1874 523 1927 Penderet
561 1875 620 1927 in
657 1875 823 1945 ligno,
862 1876 1013 1928 fieret
1052 1876 1261 1927 deserta
1300 1874 1503 1926 deinde.

257 1947 523 2002 Desubito
563 1949 737 2017 qualis
781 1949 1005 2001 obfulsit
1045 1950 1217 2018 gloria
1256 1949 1422 2018 genti,

169 2035 235 2068 250
257 2022 335 2076 Ut
373 2023 525 2075 fieret
562 2023 816 2091 populus,
855 2023 1087 2091 populus
1128 2023 1220 2091 qui
1258 2040 1368 2074 non
1408 2022 1523 2073 erat
1562 2020 1710 2073 ante!

257 2094 385 2149 Non
422 2096 528 2148 fuit
567 2096 830 2148 attonitus
870 2096 1042 2167 Esau,
1082 2096 1303 2148 dilectus
1345 2114 1377 2147 a
1414 2097 1581 2164 patre,

214 2183 217 2185 “
257 2169 445 2222 Iunior
485 2170 629 2239 quod
666 2170 836 2222 frater
873 2170 1148 2238 primitiva
1185 2170 1400 2222 tolleret
1438 2168 1542 2221 ille.

261 2242 348 2296 Sic
387 2261 486 2295 nec
527 2260 809 2313 synagoga
846 2244 1026 2312 potuit
1064 2260 1387 2312 cognoscere
1425 2244 1655 2308 tempUS,

261 2316 488 2379 Quando
530 2321 584 2370 et
623 2335 727 2385 quo
769 2317 899 2370 duce
939 2317 1152 2369 caderet
1191 2317 1255 2367 de
1295 2333 1391 2367 suo
1430 2314 1664 2382 privata3

169 2402 234 2434 255
261 2389 412 2442 Sicut
444 2393 559 2443 erat
592 2391 866 2458 scriptum,
900 2390 1042 2458 quod
1075 2407 1199 2442 aves
1233 2407 1331 2440 sua
1359 2390 1606 2455 tempora
1629 2388 1846 2455 norunt,

257 2462 400 2515 Nam
439 2464 670 2532 populus
709 2464 812 2515 iste
850 2481 961 2515 non
999 2481 1084 2514 me
1123 2461 1391 2514 intellexit
1430 2460 1629 2512 adesse.

257 2535 545 2589 Inventum
586 2539 681 2605 est,
719 2539 780 2588 ut
817 2536 930 2604 ipse
971 2535 1278 2588 dominator
1318 2534 1450 2586 caeli
1489 2533 1716 2586 veniret:

261 2608 563 2662 Secundum
605 2610 895 2678 scripturas
934 2627 1046 2662 non
1085 2612 1165 2661 est
1204 2610 1542 2676 computatus
1583 2606 1649 2658 ab
1682 2605 1828 2674 ipsis.

257 2681 538 2736 Praescius
592 2683 694 2736 hoc
749 2683 925 2735 fuerat
969 2682 1259 2750 Dominus,
1315 2681 1508 2749 quippe
1564 2682 1757 2732 cuncta
1813 2678 1903 2747 qui

170 2843 237 2875 260
260 2828 467 2883 Idcirco
507 2847 601 2897 per
641 2848 735 2882 ora
773 2757 1305 2898 prophetaritilrciiwizs’ta
1342 2827 1621 2905 praedixit.
