2020 3192
281 208 351 260 28
903 207 1294 253 COMMODIANI

252 321 563 382 ‚Exercitus
604 346 830 397 quorum
868 346 1084 380 necesse
1125 335 1205 381 est
1242 329 1500 381 victorem
1541 329 1778 384 adorent.

281 401 522 471 Cumque
560 402 845 454 redeuntes
885 402 943 453 in
981 402 1111 453 urbe
1150 405 1329 454 mente
1368 405 1577 455 mutata

282 474 531 544 Spoliant
567 476 772 543 templa
811 477 885 544 et,
926 474 1184 544 quidquid
1225 478 1308 527 est
1344 476 1492 527 intus
1530 476 1588 528 in
1625 478 1779 546 urbe,

279 548 558 617 Diripiunt
596 551 939 617 mactantque
979 548 1122 601 viros
1163 549 1373 617 ingenti
1413 567 1618 617 cruore,

192 628 258 659 9¹0
282 621 590 675 Novissime
627 622 827 675 nudam
868 622 1096 691 adigunt
1131 622 1376 675 incendio
1414 622 1638 691 factam,

281 694 357 748 Ut
394 713 566 765 neque
605 695 895 765 vestigium
935 696 1048 748 eius
1089 695 1347 764 adpareat
1384 697 1542 748 ultra.

282 768 448 822 Cuius
486 770 545 821 in
585 769 749 822 exitio
789 770 1075 822 tabescunt
1112 770 1275 822 corda
1312 772 1596 838 potentum

280 842 396 895 Nec
436 861 491 895 se
531 843 906 910 adinveniunt,
946 842 1004 894 in
1045 861 1149 911 quo
1191 843 1300 895 sint
1337 846 1579 911 tempore
1618 843 1740 906 ruti.

281 916 432 968 Haec
472 917 688 984 quidem
727 916 1022 984 gaudebat,
1052 916 1155 967 sed
1193 919 1310 968 tota
1348 919 1492 968 terra
1531 917 1793 985 gemebat.

107 1048 113 1051 .
192 1002 258 1034 915
282 988 390 1041 Vix
428 992 613 1041 tamen
650 989 921 1041 invenitur
959 989 1040 1041 illi
1077 989 1361 1041 retributio
1403 989 1581 1059 digna.

281 1061 458 1132 Luget
495 1063 554 1114 in
594 1064 893 1131 aeternum,
933 1080 1068 1132 quae
1108 1081 1164 1115 se
1203 1063 1442 1115 iactabat
1481 1066 1774 1131 aeternam,

283 1135 447 1189 Cuius
490 1139 543 1188 et
579 1136 802 1205 tyranni
840 1136 950 1188 iam
988 1139 1116 1188 tunc
1154 1136 1460 1188 iudicantur
1499 1156 1531 1189 a
1572 1135 1807 1189 Summo,

285 1208 407 1262 Stat
444 1213 658 1278 tempus
697 1210 755 1261 in
792 1210 956 1262 finem
993 1209 1234 1261 fumante
1274 1209 1450 1262 Roma
1488 1213 1782 1274 maturum,

286 1281 388 1335 Sed
428 1301 631 1335 merces
673 1283 957 1335 advenient
994 1283 1200 1335 meritis
1239 1283 1444 1351 partita
1481 1284 1736 1336 locorum.

195 1369 262 1401 920
395 1356 531 1409 Inde
570 1359 755 1408 tamen
793 1357 972 1426 pergit
1009 1355 1181 1409 victor
1219 1356 1277 1408 in
1314 1359 1458 1408 terra
1495 1356 1717 1425 Iudaea,

286 1429 457 1492 Quem
495 1431 602 1498 ipsi
639 1429 824 1482 Iudaei
863 1432 1172 1499 spectarant
1209 1430 1420 1482 vincere
1459 1429 1705 1483 Romam.

283 1502 460 1555 Multa
501 1505 658 1573 signa
694 1503 846 1572 facit,
885 1506 947 1556 ut
984 1504 1065 1555 illi
1106 1503 1317 1556 credere
1357 1504 1592 1572 possint,

284 1577 372 1628 Ad
412 1576 739 1630 seducendos
781 1595 871 1629 eos
912 1578 1166 1645 quoniam
1206 1580 1289 1631 est
1326 1577 1524 1629 missus
1563 1577 1802 1646 iniquus3

287 1648 458 1712 Quem
494 1653 678 1702 tamen
718 1668 746 1701 e
785 1651 933 1702 caelo
973 1651 1217 1717 increpat
1253 1667 1358 1700 vox
1396 1650 1598 1702 credita
1638 1649 1856 1702 Summi.

195 1735 261 1767 925
284 1721 366 1774 De
403 1722 624 1775 Persida
659 1723 822 1775 homo
862 1723 1223 1776 immortalem
1262 1739 1376 1774 esse
1416 1741 1471 1774 se
1511 1723 1665 1774 dicit:

285 1795 462 1848 Nobis
501 1796 647 1850 Nero
687 1796 864 1848 faetus
903 1796 1297 1863 AntichristUS,
1335 1796 1427 1847 ille
1465 1796 1694 1848 Iudaeis.

285 1869 390 1922 Isti
429 1870 532 1922 duo
574 1887 786 1938 semper
823 1870 1119 1938 prophetae
1161 1874 1288 1921 sunt
1325 1869 1385 1920 in
1421 1870 1613 1922 ultimo
1653 1869 1784 1936 fine3

286 1942 452 1995 Urbis
491 1943 722 2011 perditio
762 1941 908 1995 Nero
951 1945 1054 2010 est,
1091 1943 1179 1994 hic
1217 1946 1395 1994 terrae
1434 1943 1628 1995 totius:

287 2015 368 2068 De
409 2035 513 2085 quo
552 2035 725 2084 pauca
762 2019 947 2068 tamen
986 2033 1217 2086 suggero
1227 2058 1241 2085 ,
1281 2034 1416 2085 quae
1455 2016 1564 2085 legi
1603 2018 1821 2069 secreta.

199 2103 266 2135 930
399 2089 668 2157 Displicet
706 2090 915 2142 interea
952 2090 1063 2142 iam
1103 2107 1220 2142 sero
1258 2090 1471 2142 Iudaeis
1513 2092 1566 2141 et
1601 2089 1732 2158 ipsis
1741 2131 1755 2157 ,

289 2162 686 2232 Susurrantque
726 2163 907 2233 simul,
947 2164 1202 2233 quoniam
1242 2166 1369 2216 sunt
1405 2162 1592 2216 fraude
1633 2162 1859 2231 decepti,

287 2237 362 2289 Et
400 2237 639 2290 clamant
675 2238 877 2306 pariter
916 2237 984 2289 ad
1023 2237 1231 2290 caelum
1268 2255 1397 2290 voce
1437 2236 1688 2288 deflentes
1697 2277 1711 2303 ,

287 2309 366 2362 Ut
403 2310 550 2362 Deus
591 2311 697 2363 illis
738 2311 1024 2363 subveniat
1061 2329 1217 2363 verus
1258 2312 1325 2363 ab
1368 2311 1494 2362 alto.

290 2383 430 2435 Tum
459 2383 605 2436 Deus
639 2384 996 2452 omnipotenS,
1025 2387 1088 2436 ut
1116 2384 1368 2439 terminet
1398 2385 1604 2449 cuncta,
1643 2398 1778 2449 quae
1811 2381 1933 2448 dixi,

202 2454 555 2509 935Producet
591 2458 849 2526 populum
889 2457 1120 2509 celatum
1157 2460 1400 2524 tempore
1439 2456 1635 2507 multo:

292 2527 430 2582 Sunt
467 2533 647 2582 autem
685 2530 892 2598 Iudaei,
930 2533 1082 2582 trans
1121 2529 1345 2582 Persida
1382 2529 1599 2581 flumine
1640 2529 1828 2592 clausi,

292 2602 437 2664 Quos
476 2621 645 2672 usque
683 2604 741 2655 in
778 2603 939 2655 finem
977 2602 1150 2655 voluit
1187 2601 1335 2655 Deus
1373 2602 1450 2654 ibi
1489 2601 1702 2655 morari.

291 2674 593 2744 Captivitas
632 2676 755 2730 illos
795 2675 994 2729 ibidem
1032 2674 1242 2744 redegit
1279 2680 1340 2727 ut
1378 2678 1578 2742 essent,

291 2749 376 2801 Ex
415 2749 659 2802 duodena
697 2750 844 2802 tribu
882 2767 1018 2802 nove
1059 2750 1219 2802 semis
1257 2749 1334 2801 ibi
1371 2751 1667 2801 morantur.

206 2834 278 2866 940
298 2821 638 2875 Mendacium
677 2823 754 2875 ibi
792 2841 903 2875 non
943 2826 1047 2891 est,
1087 2822 1180 2874 sed
1218 2840 1389 2891 neque
1430 2823 1609 2875 odium
1648 2822 1838 2889 ullum3
