2020 3192
775 205 1135 250 PRAEFATIO.
1606 205 1777 249 XXXV

135 329 215 398 M,
267 345 380 382 nece
431 344 543 381 ewm
596 326 799 381 Nerone
843 325 887 378 P
939 326 999 378 in
1046 325 1188 394 adn„
1241 341 1357 379 cum
1401 341 1516 379 nece
1554 325 1779 378 Neronis

131 421 326 471 „sensu
366 402 564 455 activo:
605 400 760 470 quasi
799 418 920 453 eum
951 398 1111 452 caede
1141 399 1292 452 iussu
1321 399 1492 468 ipsius
1531 397 1780 468 peraeta“

134 476 179 529 P
232 477 289 528 in
335 493 443 528 exo.
502 506 566 513 —
622 493 671 528 v.
719 473 842 527 833.
885 474 1163 541 proprium
1198 473 1451 541 populum
1495 471 1561 541 L,
1613 472 1776 525 forte:

134 551 370 603 dilectum
411 548 685 616 populum,
730 547 795 600 cf.
832 545 994 599 Instr.
1045 547 1096 615 1,
1134 546 1231 615 41,
1269 547 1323 600 8:
1369 546 1555 599 Helias
1600 546 1781 599 veniet

134 623 284 692 prius
324 622 539 691 signare
575 618 855 673 ‘dilectos'.
904 620 1160 691 populum
1196 619 1276 689 M,
1304 621 1556 687 populum
1594 621 1652 672 in
1688 636 1779 672 no-

134 698 272 751 mine
309 694 505 749 Christi
512 711 531 758 ,·
576 695 636 748 de
673 693 856 761 quibus
895 690 1051 764 (834)
1093 692 1261 759 Quam
1300 696 1398 747 ete.
1435 693 1499 757 P,
1529 694 1779 761 populum

134 773 403 823 venturum
447 769 506 821 in
550 769 758 821 nomine
794 766 991 820 Christi
1002 784 1020 830 ,·
1068 763 1225 835 (834)
1270 766 1354 819 De
1396 768 1579 834 quibas
1622 783 1779 834 qaam

135 847 232 896 ete.
270 841 314 894 P
353 842 411 894 in
450 859 581 911 exe,
619 843 764 910 siyno
797 841 1046 908 populum
1084 840 1147 893 R.
1193 871 1254 877 —
1297 859 1346 893 V.
1385 841 1507 893 836.
1547 841 1779 893 clausum

134 916 207 984 M,
245 917 442 969 elusum
466 915 529 984 R,
568 915 632 969 ef.
671 933 719 968 v.
744 915 868 967 396.
894 945 963 951 —
989 934 1035 967 v.
1061 914 1184 967 837.
1223 914 1300 967 Et
1334 915 1559 981 flamina
1587 930 1780 981 qnoque

134 990 193 1054 L,
233 989 324 1042 ‘et'
356 990 574 1057 inserui,
613 988 754 1057 quod
794 988 1052 1040 excidisse
1090 991 1223 1056 puto
1263 974 1573 1052 ‘madescef'
1614 988 1777 1040 verbo

134 1064 376 1132 proxime
415 1063 671 1131 ascripto3
715 1061 940 1128 flumina
975 1079 1168 1128 quoque
1204 1061 1284 1130 M,
1328 1061 1552 1128 flumina
1589 1078 1781 1128 quoque

135 1137 222 1189 ille
258 1136 301 1188 P
340 1136 397 1188 in
435 1154 546 1188 exe.
585 1165 654 1173 —-
693 1154 740 1187 v.
766 1135 888 1188 839.
908 1136 1069 1201 famis
1105 1135 1486 1203 nominativus,
1524 1136 1589 1189 ef.
1629 1133 1778 1187 Neue

135 1209 161 1261 I
199 1229 252 1278 p.
293 1209 399 1262 180
437 1212 492 1261 et,
514 1208 579 1260 It.
604 1227 654 1277 p.
679 1209 802 1261 263.
841 1237 908 1245 —
951 1227 998 1260 v.
1039 1209 1161 1260 843.
1199 1208 1414 1260 Heliam
1451 1209 1515 1277 R,
1552 1210 1780 1277 Helyam

134 1282 207 1335 M.
250 1313 312 1320 —-
357 1302 405 1335 v.
445 1283 567 1336 844.
606 1281 868 1352 confestim
891 1281 1057 1351 Lbch,
1095 1282 1361 1348 confertim
1384 1282 1456 1335 Μ.
1484 1314 1548 1320 -
1577 1302 1624 1336 v.
1654 1282 1776 1335 845.

134 1357 377 1410 Eae-orant
415 1356 670 1409 Neronem
697 1355 933 1424 precibus
962 1355 1034 1422 M,
1071 1356 1318 1409 Exorant
1342 1357 1580 1424 precibus
1618 1357 1779 1408 Nero-

134 1448 250 1484 nem
302 1429 345 1481 P
398 1431 457 1482 in
519 1449 627 1483 exe.
673 1459 746 1466 ——
791 1448 839 1482 v.
881 1429 1003 1482 847.
1041 1430 1118 1482 dii
1167 1431 1334 1483 nostri
1383 1429 1462 1499 M,
1508 1432 1564 1483 di
1615 1431 1780 1483 nostri

136 1504 200 1556 R.
244 1534 305 1541 —
349 1522 398 1556 V.
431 1503 553 1556 848.
592 1504 669 1556 Et
703 1502 791 1556 ille
826 1503 870 1555 P
908 1503 966 1555 in
1007 1522 1140 1571 exc„
1179 1503 1282 1557 Est
1316 1504 1402 1557 ille
1438 1503 1510 1558 M.
1551 1535 1621 1541 —-
1659 1521 1778 1570 sap-

126 1579 297 1645 pletus
324 1576 397 1645 Μ,
435 1578 661 1644 oppletus
684 1576 747 1631 R.
784 1608 857 1614 —
896 1596 945 1630 v.
968 1577 1091 1630 852.
1129 1576 1237 1631 Sub
1274 1595 1491 1644 quorum
1528 1578 1778 1645 martyrio

137 1650 214 1719 M,
267 1650 373 1703 Sub
419 1668 641 1718 quaram
686 1668 753 1703 m.
802 1650 866 1703 R.
916 1682 980 1687 -—
1031 1670 1079 1703 v,
1119 1651 1242 1704 855.
1288 1652 1550 1718 sepultura
1588 1651 1653 1720 L,
1704 1668 1777 1703 se-

130 1725 372 1791 pulturae
394 1723 465 1777 M.
507 1755 575 1762 --
614 1743 662 1777 v,
690 1725 813 1778 856.
850 1725 1165 1778 immortales
1184 1725 1348 1791 factos
1370 1724 1535 1793 Lbch,
1572 1727 1778 1778 immor-

137 1798 261 1851 tales
295 1798 425 1864 faeti
460 1797 532 1851 M.
583 1829 645 1838 -—
696 1818 745 1851 v.
785 1798 907 1852 857.
949 1798 1085 1864 Quos
1122 1799 1325 1852 inimici
1360 1801 1445 1852 sui
1481 1800 1590 1867 ΕΙ),
1644 1799 1779 1864 Quos

134 1872 361 1924 inimicis
404 1873 457 1924 vi
494 1871 573 1940 M,
621 1872 757 1938 Quos
801 1873 1004 1925 inimici
1049 1874 1137 1926 vix
1180 1872 1240 1925 P.
1291 1903 1354 1911 —-
1405 1893 1453 1928 v.
1493 1873 1615 1926 859.
1664 1873 1778 1925 odio

137 1949 236 1997 toto
275 1944 355 2012 M,
400 1945 515 1998 odio
555 1949 680 1999 totos
717 1945 788 2014 R3
835 1946 901 1998 ef.
939 1946 998 1998 in
1037 1950 1275 2000 extremo
1314 1965 1494 2000 versu:
1534 1951 1776 2014 tempore

136 2021 253 2071 toto
301 2018 431 2087 878,
474 2018 634 2072 Instr.
684 2026 742 2086 1,
780 2019 873 2086 25,
917 2020 1000 2072 16.
1065 2022 1118 2088 1,
1157 2022 1250 2089 26,
1288 2021 1346 2088 43
1400 2021 1614 2073 aethere
1660 2023 1777 2072 {noto

138 2092 269 2159 998,
317 2092 527 2166 saecnlo
573 2094 691 2145 toto
729 2092 890 2145 Instr.
934 2094 986 2162 1,
1025 2094 1123 2160 42,
1174 2095 1256 2146 16.
1307 2125 1370 2131 —-
1421 2113 1468 2147 v.
1509 2095 1631 2147 864.
1678 2094 1780 2145 dico

136 2165 236 2217 sibi
274 2164 514 2218 Caesares
558 2166 706 2218 addit
740 2165 806 2235 P,
852 2167 952 2219 duo
999 2167 1098 2220 sibi
1136 2166 1374 2220 Caesaris
1410 2168 1559 2220 audit
1593 2166 1667 2218 M.
1710 2196 1774 2203 —

137 2257 185 2292 v.
211 2239 332 2292 870.
371 2238 442 2290 In
471 2239 773 2292 histrioniea
795 2237 932 2309 (scil.
956 2258 1157 2294 corona
1165 2283 1179 2309 ,
1217 2241 1283 2293 ef.
1307 2241 1548 2294 coronati
1573 2260 1619 2293 v.
1646 2238 1776 2308 864)

137 2311 197 2364 L.
274 2311 482 2364 Fideles
522 2312 774 2365 iubentur
819 2331 1073 2367 coronam
1113 2314 1278 2383 capiti
1316 2315 1589 2383 imponere
1629 2331 1776 2366 more

136 2385 483 2454 histrionum,
530 2387 622 2455 qui
668 2387 911 2440 coronati
949 2388 1230 2456 prodeunt.
1312 2388 1386 2440 In
1421 2389 1524 2440 ista
1561 2387 1780 2440 historia

136 2457 210 2526 M,
246 2458 319 2511 In
356 2461 459 2512 ista
478 2461 645 2512 scoria
675 2460 740 2529 D,
781 2461 846 2513 of.
886 2480 933 2513 v.
964 2461 1090 2530 1513
1130 2462 1202 2514 In
1242 2462 1350 2514 loca
1379 2461 1590 2514 histrica
1611 2459 1778 2528 Lbch,

138 2532 209 2583 In
260 2533 363 2585 ista
410 2533 679 2587 histricosa
722 2533 793 2602 R,
848 2534 989 2587 idem
1038 2553 1182 2588 nuno
1226 2535 1298 2588 In
1351 2536 1452 2588 ista
1500 2535 1779 2588 histroniea

138 2602 259 2674 (pro
282 2605 595 2671 histrioniea,
620 2607 685 2660 ef.
711 2608 962 2661 stroniois
986 2634 1056 2651 =
1080 2608 1411 2662 histrionicis
1438 2607 1521 2661 Gl.
1545 2608 1677 2660 Maii
1699 2606 1779 2659 VI
1852 2618 1858 2621 *

139 2695 190 2744 p.
227 2677 333 2731 546
381 2682 435 2732 et
480 2678 563 2732 Gl.
600 2680 768 2734 Paris.
814 2681 892 2734 ed.
931 2681 1172 2735 Hildebr.
1218 2702 1268 2751 p.
1309 2683 1439 2750 276,
1486 2682 1605 2734 adn.
1643 2678 1777 2749 283)

139 2748 424 2817 legendum
478 2771 594 2806 esse
648 2758 850 2823 censet,
905 2774 1041 2825 quae
1096 2756 1400 2809 coniectura
1450 2755 1691 2824 proxime
1745 2772 1777 2806 a

140 2826 327 2876 nostra
370 2826 538 2880 abest.
586 2858 654 2865 —
704 2847 751 2881 v,
799 2829 905 2881 878
947 2847 1021 2898 sq.
1070 2834 1175 2882 tum
1224 2829 1420 2883 codicis
1467 2828 1677 2881 restitui
1724 2831 1779 2879 et

1399 2915 1423 2941 *

1364 2929 1388 2958 C
