2020 3192
713 162 1073 208 PRAEFATIO.
1609 162 1715 205 XIX

71 305 120 338 V.
158 285 282 337 254.
327 286 388 337 de
431 301 520 337 suo
556 284 770 351 privata
805 282 874 351 L,
924 281 1008 335 ‘de
1049 280 1165 335 suo'
1213 282 1249 334 i.
1289 299 1332 334 e.
1371 282 1714 350 auctoritate,

73 359 137 411 de
176 357 573 411 construetione
613 356 677 409 cf.
715 356 875 410 Instr.
920 359 975 425 1,
1006 355 1063 424 5,
1095 356 1154 408 2:
1193 357 1404 424 patrem
1444 355 1507 407 de
1546 372 1714 425 regno

69 432 316 500 privavit.
378 433 439 485 de
474 447 566 484 suo
594 431 804 498 privato
843 429 915 499 M,
953 430 1001 482 d.
1038 446 1078 482 s.
1108 430 1347 497 primatu
1368 429 1439 487 R.
1484 459 1546 466 —
1589 446 1716 482 nam

70 524 168 574 pro
207 509 399 568 autem,
436 521 552 557 vero
592 504 655 556 ef.
688 499 863 572 Epist.
902 501 1146 555 Anthim.
1187 502 1267 572 (in
1297 502 1439 556 Rose
1473 501 1715 556 anecdot.

71 579 158 631 Gr.
199 582 252 630 et
284 575 607 646 Graecolat.)
653 578 734 628 14.
780 576 861 629 16.
902 575 987 628 35.
1027 575 1114 628 50.
1154 576 1239 628 58.
1282 577 1367 628 84.
1410 575 1494 629 75.
1526 577 1612 629 86.
1644 607 1715 614 --

70 672 117 706 V.
155 652 278 705 256.
323 668 428 703 noro
472 667 550 702 me
586 648 666 719 M,
713 667 791 702 me
827 666 933 702 reon
969 649 1033 702 R.
1076 679 1139 686 -
1184 668 1232 701 V.
1271 649 1395 702 257.
1440 650 1716 703 Inventum

68 731 142 779 est
184 725 251 794 L,
304 728 507 777 ventum
560 728 634 776 est
676 722 749 775 M.
823 722 931 791 Ea,
985 741 1120 792 quae
1166 741 1216 775 V.
1263 722 1371 775 258
1421 723 1717 776 afferuntur

68 797 382 868 (seeundum
434 798 717 865 serszturas
768 813 874 850 non
928 799 1010 849 est
1063 800 1383 864 computatus
1438 797 1505 849 ab
1555 797 1713 867 ipsis)

66 872 318 942 flagitant
363 871 668 940 oppositam
715 870 1039 924 sententiam
1086 870 1251 923 hane:
1296 870 1428 936 forte
1467 870 1715 923 dominus

65 946 227 999 Venit.
278 976 351 983 —
404 946 688 1012 scrzffiuras
738 961 845 997 non
896 943 967 1013 R,
1020 945 1332 1011 serzspturas;
1387 961 1493 997 non
1545 943 1604 996 P.
1645 975 1714 981 —

67 1038 113 1071 v.
154 1018 278 1071 259.
323 1018 598 1072 Praeseius
642 1018 734 1070 hoe
783 1018 978 1083 fuerat,
1027 1017 1092 1070 cf.
1139 1017 1626 1070 murmurabundus
1674 1036 1717 1071 6.

67 1111 174 1145 ace.
211 1091 409 1160 Apulei
431 1091 558 1144 Met.
581 1090 661 1144 XI
688 1090 856 1158 1054,
900 1091 983 1144 18.
1022 1091 1486 1160 periclitabundus
1510 1090 1638 1144 Met.
1663 1090 1716 1144 V

67 1166 190 1234 364,
228 1166 314 1218 23.
361 1195 426 1203 ——
477 1166 661 1232 quippe
705 1169 888 1217 cuneta
932 1166 1023 1231 qui
1059 1166 1202 1217 novit
1237 1163 1306 1228 L,
1353 1183 1475 1217 cum
1516 1165 1713 1218 codicis

63 1238 224 1291 lectio
262 1239 413 1305 quasi
450 1242 609 1291 mmet.
649 1240 748 1290 ete.
822 1237 926 1290 Dei
974 1256 1239 1290 summam
1278 1238 1579 1308 potentiam
1618 1239 1714 1291 im-

63 1314 280 1381 pugnet.
323 1343 388 1349 —
430 1331 479 1365 V.
519 1312 642 1364 261.
682 1312 944 1364 cervicosa.
1012 1310 1079 1363 In
1118 1314 1404 1365 comment.
1443 1331 1494 1381 p.
1534 1313 1639 1364 241
1666 1311 1717 1365 R

63 1385 166 1439 1166
212 1386 536 1438 Vocabulum
583 1380 724 1448 ἅπαξ
771 1382 1067 1454 εἰρημένον
1114 1403 1230 1438 esse
1270 1388 1574 1453 censuerat,
1622 1387 1715 1438 sed

62 1476 207 1511 1111116
229 1458 330 1511 hos
354 1458 491 1511 mihi
512 1458 660 1511 locos
686 1458 978 1527 suggessit:
1003 1458 1153 1512 lexic.
1172 1457 1355 1527 cyrill.
1380 1459 1480 1512 661.
1503 1459 1628 1528 403,
1642 1459 1712 1512 59

64 1531 167 1599 (ed.
206 1531 433 1585 Vulcan.
472 1530 642 1601 Lugd.
685 1529 875 1601 1600):
932 1527 1207 1600 αὐχενίας,
1262 1532 1579 1600 eerViCOSUS,
1630 1532 1715 1587 Gl.

64 1604 230 1658 Labb.
285 1605 312 1656 I
357 1624 409 1673 p.
447 1605 580 1675 2155
637 1605 936 1658 cervicosus
985 1602 1477 1675 σκληροτράχηλος.
1566 1605 1712 1659 Β6116

62 1678 203 1730 idem
249 1679 283 1731 1.
328 1679 361 1730 l.
411 1679 703 1731 cervicatus
751 1675 1231 1748 σκληροτράχηλος
1279 1677 1444 1732 Simo.
1503 1680 1586 1749 16,
1645 1681 1708 1732 11

62 1749 223 1821 Vulg.
263 1752 533 1804 attulerat.
577 1783 640 1790 --
683 1771 730 1805 V.
763 1753 887 1805 262.
926 1770 1084 1806 eausa
1120 1757 1310 1806 resecta
1348 1757 1422 1807 est
1456 1752 1536 1821 M,
1575 1754 1627 1806 h.
1669 1772 1712 1806 e.

62 1842 225 1878 causa
262 1824 581 1878 Iudaeorum
619 1825 857 1879 iudicata
889 1829 942 1878 et
974 1827 1231 1879 damnata
1262 1829 1367 1895 est3
1409 1828 1711 1896 exemplum

61 1902 224 1967 poeta
262 1899 326 1950 de
364 1899 483 1952 foro
523 1917 586 1951 ae
623 1899 834 1952 iudiciis
875 1901 1117 1968 sumpsit.
1194 1918 1220 1954 6
1264 1917 1385 1954 casa
1422 1902 1605 1954 reiecta
1642 1906 1715 1954 est

61 1971 126 2038 R,
165 1990 286 2024 eum
323 1973 506 2025 reiecta
543 1976 618 2025 est
654 1973 893 2026 subiecto
934 1991 1067 2043 gens
1106 1974 1368 2044 iungeret.
1390 1979 1471 2011 ‘—-
1505 1993 1552 2027 V.
1585 1975 1709 2027 263.

62 2045 134 2097 In
178 2062 395 2111 quorum
437 2046 609 2098 stadia
645 2062 747 2099 esse
784 2044 864 2113 M,
910 2048 1077 2099 stadio
1116 2046 1182 2115 P,
1230 2047 1294 2099 de
1333 2047 1543 2100 ratione
1583 2066 1709 2116 syn-

7 2123 12 2127 ’
62 2118 259 2170 tactiea
305 2118 369 2171 ef.
415 2118 644 2171 'mdieem
689 2117 1016 2172 Latinitatis.
1060 2151 1124 2158 -
1165 2139 1213 2173 v.
1253 2121 1378 2173 265.
1425 2122 1484 2173 in
1518 2121 1708 2187 funda-

61 2192 208 2243 mina
243 2191 287 2243 P
324 2191 383 2243 in
406 2209 531 2261 exe„
569 2193 629 2244 in
663 2192 1005 2258 fundamenta
1035 2192 1107 2246 M.
1146 2223 1218 2231 --
1257 2193 1387 2247 Sion
1418 2193 1490 2264 M,
1531 2193 1709 2248 Sionis

59 2262 119 2317 P.
168 2294 232 2301 —
286 2283 331 2317 V.
371 2265 494 2318 266.
533 2263 765 2319 Orederet
799 2267 858 2319 in
894 2284 992 2334 quo
1030 2268 1140 2334 qui,
1187 2267 1234 2320 is
1272 2266 1336 2336 L,
1385 2266 1617 2321 Crederet
1651 2270 1709 2321 in

58 2354 157 2404 quo
204 2339 319 2405 quis
355 2337 436 2407 M,
481 2338 553 2391 In
589 2357 687 2406 quo
723 2341 955 2407 quisquis
1000 2342 1217 2394 erederet
1260 2339 1324 2395 R.
1373 2370 1438 2378 -—
1490 2360 1538 2395 V.
1583 2342 1709 2395 267.

60 2410 220 2465 Hwnc
254 2416 490 2465 sanctum
525 2417 821 2466 sanctorum
859 2413 917 2466 M
964 2444 1029 2452 —
1078 2419 1374 2468 sanctorum
1412 2413 1455 2466 P
1501 2415 1560 2466 in
1600 2433 1707 2468 exe.

61 2482 269 2554 delevit,
306 2485 468 2539 Hunc
503 2491 737 2540 sanetum
773 2489 1008 2541 sammon
1030 2487 1195 2541 Lbch.
1236 2519 1304 2526 -—
1335 2489 1596 2557 perunyui
1632 2487 1705 2556 M,

49 2559 274 2626 perwnyi
310 2558 370 2612 P.
409 2589 479 2597 —
520 2579 567 2612 V.
607 2561 730 2629 273.
775 2561 1026 2617 Ieremias
1063 2562 1135 2630 R,
1187 2562 1484 2615 Hieremias
1522 2561 1595 2614 M.
1635 2593 1702 2600 —-

59 2649 107 2684 V.
145 2631 268 2685 275.
305 2634 414 2685 vita
450 2638 630 2686 necata
666 2633 711 2686 P
749 2635 807 2686 in
848 2653 973 2704 exe„
1009 2653 1055 2688 v.
1093 2640 1278 2704 neyata
1301 2634 1373 2687 M.
1410 2665 1473 2672 --
1510 2654 1557 2688 v.
1582 2636 1705 2688 277.

61 2703 132 2755 Ν.
160 2721 215 2769 p.
238 2710 362 2758 esset
396 2707 559 2760 dietus
580 2706 644 2776 R,
682 2712 757 2760 est
791 2710 840 2761 d.
863 2708 936 2778 M,
974 2710 1022 2762 d.
1061 2713 1185 2762 esset
1206 2708 1371 2762 Lbeh.
1404 2739 1474 2747 —
1507 2727 1554 2761 V.
1580 2710 1702 2761 278.

60 2776 302 2843 relinquit
342 2779 638 2846 perfectum
678 2784 783 2850 est,
823 2782 889 2836 ef.
927 2782 994 2835 It.
1041 2783 1164 2835 287.
1218 2813 1279 2819 -
1332 2801 1380 2833 V.
1420 2783 1542 2836 280.
1582 2782 1703 2834 Iam

1280 2868 1347 2911 b*
