2020 3192
582 245 835 292 CARMEN
866 245 1355 293 APOLOGETICVM.
1744 247 1778 299 5

47 410 62 423 .-
142 367 245 430 Qui
282 367 546 421 formatus
585 367 743 420 modo
786 384 899 420 sese
939 365 1151 419 diffudit
1187 367 1245 419 in
1282 385 1456 437 auras,

143 440 308 495 Cuius
348 460 446 495 nec
484 441 699 494 initium
736 459 835 494 nec
873 440 1034 493 finem
1074 458 1327 510 quaerere
1365 441 1448 494 fas
1488 444 1585 511 est,

45 530 116 563 ¹125
140 515 243 569 Hic
283 515 399 569 sine
435 515 590 568 initio
632 533 842 583 semper
880 517 963 567 est
998 513 1145 566 Deus
1185 517 1239 566 et
1278 515 1391 567 sine
1429 515 1551 569 fine.

141 589 258 659 Qui,
296 590 444 659 prius
470 607 630 658 quam
652 589 856 640 faceret
878 588 1100 655 caelum,
1129 587 1404 640 ferebatur
1425 589 1482 641 in
1506 607 1710 659 aevum,

141 662 349 733 Quique
387 665 538 715 tenet
576 662 808 726 caelum,
845 660 1108 729 prospicit
1145 661 1344 731 ubique
1384 662 1448 714 de
1488 663 1635 716 caelo

138 737 214 790 Et
250 738 499 805 penetrat
536 738 714 788 totum
754 734 921 787 oculis
962 737 1016 786 et
1054 735 1271 787 auribus
1311 735 1475 788 audit.

139 810 282 862 Huic
321 826 448 878 ergo
487 809 693 878 placuit
731 808 1002 861 carnalem
1039 808 1239 862 mundo
1278 810 1468 874 teneri,

40 897 115 937 2180
138 882 216 936 Ut
254 883 581 935 exaltaretur
620 882 736 935 sola
776 882 1105 951 sempiterna
1142 883 1410 935 maiestas,

137 956 280 1026 Iam,
319 956 460 1026 quod
500 958 618 1008 erat
655 958 803 1025 ante,
840 955 1038 1008 referre
1075 974 1219 1008 nunc
1259 952 1425 1009 ardua
1461 974 1547 1009 res
1579 958 1676 1025 est,

38 1036 47 1104 ς
140 1029 222 1084 Sit
258 1030 387 1084 licet
425 1030 775 1099 descriptum:
815 1047 927 1082 non
967 1029 1038 1082 sit
1074 1029 1230 1082 nobis
1270 1048 1398 1082 cura
1437 1030 1500 1082 de
1538 1030 1659 1083 illis.

36 1111 49 1147 ‘e
141 1102 277 1157 Cum
301 1104 455 1172 haec,
487 1121 623 1173 quae
645 1103 912 1173 videmus,
942 1121 1054 1155 non
1083 1121 1368 1172 possumus
1400 1106 1622 1173 tangere
1654 1105 1786 1172 tota,

140 1177 271 1240 Quis
309 1177 510 1246 poterit
548 1177 683 1231 scire
693 1219 707 1245 ,
746 1177 874 1246 quid
913 1177 985 1229 sit
1022 1179 1173 1229 trans
1214 1176 1414 1230 Oceani
1451 1177 1649 1229 finem?

72 1266 115 1300 35
139 1251 215 1305 Et
262 1252 469 1305 caelum
508 1250 772 1318 videmus,
819 1250 912 1303 sed
957 1250 1069 1303 illic
1117 1250 1246 1319 quid
1284 1251 1431 1303 intus
1471 1253 1677 1321 agatur,

49 1363 52 1371 ·
138 1324 292 1380 Nulli
331 1324 489 1377 datur
529 1324 689 1393 scire,
729 1325 896 1377 donec
935 1324 1030 1376 fiat
1070 1325 1244 1376 exitus
1284 1325 1417 1378 aevi.

141 1398 386 1454 Sufficiat
422 1401 639 1451 tantum
679 1397 744 1449 de
783 1397 965 1450 futuro
1002 1415 1161 1450 nosse
1200 1399 1490 1467 promissa3

139 1472 227 1526 Ad
265 1473 362 1525 illa
399 1472 683 1524 tendamus
725 1470 926 1540 cupidi,
964 1474 1082 1524 tota
1121 1474 1299 1524 mente
1340 1472 1536 1525 devoti.

254 1545 406 1599 Sicut
445 1546 557 1598 avis
596 1544 842 1598 Phoenix
879 1545 1170 1597 meditatur
1210 1563 1242 1597 a
1279 1548 1451 1599 morte
1491 1547 1713 1612 renasci,

36 1635 118 1668 .140
140 1619 254 1672 Dat
290 1619 448 1672 nobis
489 1619 816 1687 exemplum,
856 1621 983 1686 post
1020 1619 1210 1670 funera
1250 1637 1466 1688 surgere
1505 1638 1688 1689 posse3

138 1691 259 1746 Hoc
290 1691 438 1745 Deus
479 1692 821 1761 omnipotens
859 1692 944 1744 vel
983 1692 1215 1744 maxime
1255 1693 1467 1746 credere
1508 1691 1711 1757 suadet,

141 1765 295 1829 Quod
333 1765 513 1819 veniet
550 1768 765 1834 tempus
806 1765 1180 1819 defunctorum
1218 1766 1396 1819 vivere
1434 1785 1663 1834 rursum,

142 1838 264 1893 Sint
300 1840 427 1892 licet
463 1857 609 1892 nunc
647 1839 847 1908 pulviS,
885 1840 1098 1892 iaceant
1135 1840 1264 1892 licet
1301 1858 1426 1893 ossa
1463 1841 1677 1893 nudata.

47 1973 49 1978 .
140 1913 453 1983 Integratur
490 1913 680 1981 homo,
716 1913 896 1965 fuerat
936 1914 1028 1983 qui
1066 1916 1310 1966 mortuus
1351 1915 1495 1979 olim,

52 2000 118 2035 145
141 1986 217 2039 Et
256 1987 432 2056 gratia
470 1987 644 2039 maior
680 1987 806 2038 huic
846 1987 1017 2039 aderit
1054 1987 1210 2039 istius
1252 1988 1383 2040 aevi.
1437 2002 1441 2005 ’

142 2059 270 2113 Νο11
339 2060 492 2112 dolor
561 2062 654 2112 aut
722 2060 973 2112 lacrimae
1039 2063 1169 2113 tunc
1231 2063 1388 2113 erunt
1447 2061 1505 2112 in
1568 2078 1789 2129 corpore

963 2136 1165 2202 nostrO,

141 2206 269 2261 Non
308 2225 430 2260 caro
469 2207 692 2275 recipiet
729 2206 953 2275 ferrum,
990 2226 1102 2260 non
1138 2208 1357 2275 pustula
1397 2210 1594 2277 surget.

141 2279 261 2334 Hoc
300 2279 446 2332 Deus
485 2281 756 2349 instituet,
796 2283 857 2333 ut
897 2281 967 2333 sit
1004 2280 1085 2332 illi
1124 2281 1296 2350 gloria
1334 2281 1523 2334 maior.

254 2353 360 2406 Hic
397 2353 600 2406 fecerat
629 2355 863 2422 primum
894 2354 1188 2423 hominem,
1226 2357 1288 2406 ut
1320 2357 1461 2407 esset
1492 2357 1753 2424 aeternuS,

77 2441 121 2475 50
147 2426 253 2480 Sed
290 2428 401 2480 ruit
437 2427 494 2480 in
523 2431 753 2481 mortem
792 2428 1055 2498 neglectis
1094 2428 1185 2480 ille
1224 2429 1539 2497 praeceptis.

145 2500 373 2570 Propter
412 2519 548 2570 quae
589 2502 923 2571 quaestorias
962 2505 1144 2554 tantas
1169 2501 1315 2554 Deus
1350 2520 1464 2555 esse
1489 2501 1714 2572 paravit,

143 2573 221 2628 Ut
257 2575 595 2628 inventiones
637 2575 836 2630 diaboli
876 2576 1175 2646 detergeret
1213 2593 1414 2628 omneS.

49 2715 52 2720 ,
144 2647 430 2701 Rectorem
469 2650 527 2702 in
564 2651 710 2702 terra
749 2650 968 2702 dederat
1006 2649 1152 2702 Deus
1193 2650 1442 2718 angelum
1479 2650 1667 2702 istum:

147 2720 272 2790 Qui,
311 2722 438 2774 dum
475 2722 746 2775 invidetur
782 2723 1011 2792 homini,
1049 2723 1189 2792 perit
1226 2723 1342 2791 ipse
1381 2722 1648 2793 priorque.

54 2808 121 2858 ‚155
145 2794 362 2848 Interea
397 2794 572 2848 iustos
610 2815 706 2865 per
742 2797 919 2866 ipsum
961 2797 1130 2850 cernit
1169 2797 1404 2865 abactOS,

50 2900 54 2902 ἡ
143 2867 219 2921 Et
256 2868 612 2921 facinerosum
652 2867 788 2923 Cain
825 2871 883 2923 in
922 2871 1170 2940 gehenna
1207 2872 1458 2924 reservat.
