2020 3192
588 243 840 289 CARMEN
869 243 1360 290 APOLOGETICVM.
1730 245 1800 300 23

29 362 33 405 l
71 376 137 411 ⁷35
162 363 263 426 Qui
300 365 478 417 fuerat
515 364 620 417 illis
660 364 909 417 salutaris
948 365 1066 434 lege
1106 364 1424 434 praedictUS,

28 432 31 444 ’
162 437 243 490 Ι)6
283 457 385 507 quo
425 439 533 491 iam
572 438 796 491 audistis
835 439 1065 508 qualiter
1102 438 1396 507 prophetae
1436 438 1718 507 canebant,

161 510 463 565 Venturum
510 512 567 564 in
605 515 777 564 terras
815 510 1012 580 Deum,
1063 530 1220 581 quem
1260 515 1447 581 gentes
1488 512 1801 566 adorabunt.

158 584 319 638 Hunc
359 589 484 638 ante
514 603 614 637 nos
638 586 817 653 ipsum
841 585 1134 638 admonent
1159 603 1482 654 cognoscere
1509 584 1802 655 Summum,

161 657 264 720 Qui
301 662 527 712 renovat
563 659 835 714 hominem
873 661 1094 726 peccata
1131 659 1363 726 pristina
1403 659 1624 712 donans,

70 746 137 778 ‘140
270 730 414 784 Nam
454 735 508 784 et
547 732 903 785 comminatur
943 732 1163 785 deorum
1203 733 1498 785 cultoribus
1538 733 1675 801 ipse:

160 803 476 858 Sacrificans
514 805 672 858 idolis
710 806 881 874 periet
918 805 975 858 111
1013 809 1185 858 morte
1224 806 1470 858 secunda

159 877 392 948 Quisque
431 879 558 932 deos
598 896 727 948 ergo
767 879 1010 948 sequitur
1047 879 1340 933 fabricatos
1379 880 1437 932 in
1477 898 1624 944 auro,

157 952 404 1022 Argento
443 954 528 1005 vel
565 953 767 1021 lapide,
806 953 957 1022 ligno
997 953 1081 1005 vel
1124 952 1390 1006 aeramine
1429 953 1594 1021 fUSOS,

159 1023 294 1078 Cum
332 1027 464 1094 ipsis
503 1027 691 1078 infelix
728 1027 972 1079 mittetur
1010 1027 1069 1078 in
1107 1027 1233 1096 igne
1272 1027 1558 1095 proiectUS,

69 1112 135 1146 ⁷45
159 1098 273 1152 Nec
311 1100 388 1152 ibi
425 1101 772 1169 permoritur,
811 1101 903 1152 sed
942 1101 1034 1152 dat
1074 1102 1339 1153 cruciatus
1378 1101 1596 1170 ignitos,

160 1171 299 1226 Sunt
336 1173 581 1226 homines
622 1192 879 1243 equorum
918 1173 1120 1226 similes
1159 1175 1215 1226 in
1254 1175 1360 1226 ista
1397 1177 1606 1238 natura,

160 1245 262 1308 Qui
300 1247 495 1299 nolunt
532 1247 770 1315 accipere
806 1246 1019 1300 frenum
1057 1246 1159 1300 Dei
1199 1247 1395 1299 summi
1433 1216 1711 1317 vagantes

159 1318 294 1374 Cum
333 1321 437 1397 ipsi
473 1339 586 1374 non
626 1321 821 1373 durant
859 1339 1133 1373 servorum
1171 1321 1304 1373 talia
1340 1321 1502 1388 ferre,-

158 1393 223 1446 In
261 1413 488 1463 quorum
528 1412 686 1462 saepe
726 1394 1046 1446 discendunt
1084 1395 1343 1463 sanguine
1384 1395 1500 1462 diri,

67 1482 136 1516 ‘150
149 1466 416 1520 Dicentes
455 1467 715 1519 adiciunt:
754 1466 906 1519 Nihil
946 1471 1027 1519 est
1064 1439 1215 1535 posto
1226 1468 1417 1520 funera
1455 1470 1656 1520 nostia.

159 1540 303 1593 Dum
342 1541 590 1609 vivimUS,
630 1571 699 1578 —
739 1540 840 1593 hoc
874 1543 979 1605 est,
1015 1541 1332 1593 incumbunt
1362 1559 1509 1593 more
1543 1541 1700 1594 suillo
1737 1571 1800 1578 -

158 1612 323 1669 Nulla
362 1615 432 1666 sit
468 1614 700 1683 luxuria,
740 1632 874 1682 quae
912 1632 1012 1666 nos
1050 1618 1388 1682 pertranseat
1426 1633 1581 1667 aevo:

159 1685 303 1738 Dum
342 1690 554 1756 tempus
595 1690 677 1739 est
714 1688 878 1755 vitae,
916 1687 1256 1756 perfruamur
1295 1689 1477 1741 omnia
1519 1688 1694 1741 saecli.

156 1758 552 1828 Indisciplinati
590 1761 927 1813 clementiam
965 1760 1067 1814 Dei
1105 1762 1360 1831 refugant

67 1847 136 1881 ’255
162 1832 378 1886 Strenui
417 1837 707 1903 sectanteS,
746 1835 899 1904 quasi
941 1836 1055 1888 sola
1093 1836 1206 1887 vita
1245 1835 1337 1903 sit,
1375 1836 1552 1888 istam.

27 1910 31 1920 ’
147 1905 246 1959 ‘Sic
284 1907 512 1960 redeunt
550 1926 583 1960 a
621 1908 760 1977 Deo,
800 1909 891 1977 qui
928 1909 1198 1977 promittit
1235 1909 1410 1962 vivere
1450 1926 1682 1977 semper:

60 2047 62 2050 v
160 1978 364 2033 Contra
393 1981 597 2034 bonum
627 1984 899 2051 pugnant,
931 2000 1052 2035 cum
1078 1982 1148 2035 sit
1170 1982 1580 2052 repugnandum
1603 1982 1804 2051 iniquo,

158 2053 475 2107 Erravimus
515 2072 701 2107 omnes
741 2055 1055 2123 manifesto,
1095 2056 1308 2108 saeculo
1349 2056 1508 2124 suasi,

161 2126 265 2180 Sed
303 2128 480 2197 gratia
518 2127 739 2181 Domini
777 2146 1132 2197 provocamur
1169 2129 1380 2182 credere
1418 2129 1539 2198 legi.

93 2215 137 2248 60
159 2199 453 2269 Propterea
491 2202 641 2254 venit
679 2204 732 2254 et
769 2202 896 2255 fecit
931 2203 1195 2271 trophaea
1232 2203 1464 2255 latenter

32 2273 33 2276 ’
159 2274 233 2327 Et
270 2275 374 2327 fuit
410 2275 572 2328 homo
612 2274 758 2328 Deus
769 2318 781 2343 ,
819 2279 880 2328 ut
917 2293 1016 2328 nos
1054 2277 1113 2328 in
1150 2275 1330 2328 futuro
1369 2276 1607 2328 haberet.

31 2344 35 2367 ³
69 2358 72 2363 '
161 2346 264 2400 Sed
303 2349 520 2418 plurimi
559 2353 804 2418 pereunt,
843 2350 934 2420 qui
971 2353 1168 2418 putant
1205 2349 1444 2418 utrisque
1483 2349 1706 2417 placere,

158 2421 326 2474 Idolis
366 2426 526 2492 atque
565 2423 704 2492 De0,
742 2425 955 2492 placeat
993 2442 1114 2476 cum
1152 2441 1311 2476 nemo
1352 2422 1575 2475 duobus,

269 2494 422 2549 Unus
462 2499 545 2549 est
581 2499 640 2549 in
678 2498 824 2560 caelo
863 2497 1010 2550 Deus
1051 2497 1205 2565 caeli,
1242 2500 1417 2550 terrae
1455 2496 1738 2564 marisque,

95 2581 137 2615 65
162 2567 330 2630 Quem
368 2569 588 2639 Moyses
628 2570 808 2623 docuit
838 2572 1002 2655 ..ligno
1035 2571 1265 2640 pendere
1303 2588 1399 2639 pro
1438 2570 1610 2622 nobis.

67 2639 71 2645 ’
159 2641 316 2695 Unde
356 2644 574 2713 quidam
613 2647 795 2697 errant
832 2645 1007 2714 ignari
1044 2645 1178 2697 talia
1214 2662 1448 2712 passum,

74 2727 77 2729 ’
160 2713 287 2768 Νο11
327 2717 457 2769 satis
495 2718 692 2770 intenti
730 2718 987 2790 mysterio
1029 2717 1129 2770 Dei
1170 2720 1388 2770 secreto

63 2823 67 2827 ..
160 2787 371 2841 Invidia
407 2789 625 2844 Diaboli
663 2810 809 2845 mors
849 2792 1093 2844 introivit
1129 2791 1185 2843 in
1226 2791 1425 2874 orbem,

162 2860 334 2923 Quam
372 2862 519 2917 Deus
559 2866 764 2918 occulte
803 2865 1066 2918 destruxit
1104 2864 1309 2933 virgine
1347 2867 1522 2916 natus,
