2020 3192
273 211 344 264 22
903 211 1295 256 COMMODIANI

185 349 250 380 τοο
385 332 466 384 De
505 332 704 384 virtute
743 330 843 383 Dei
882 330 1132 401 refertur,
1171 350 1333 401 quam
1371 332 1497 385 fecit
1536 332 1593 384 in
1630 332 1769 401 illos,

271 406 414 459 Nam
454 407 518 458 de
561 422 656 457 suo
694 403 839 456 facta
879 406 1137 458 scelerata
1176 406 1349 458 dicere
1388 406 1595 473 nolunt,

274 479 494 548 Semper
530 477 830 531 homicidae
869 479 1220 549 manibusque
1261 498 1469 548 semper
1508 481 1757 547 cruentiS,

274 553 421 615 Quos
460 552 727 606 Dominus
765 571 1061 622 numquam
1099 554 1279 621 potuit
1317 554 1534 606 domare.
1575 554 1856 607 monendo.

274 626 566 680 Suffecerat
602 627 710 679 illis
748 645 845 695 per
882 627 1156 696 ignaviam
1194 631 1349 680 tanta
1385 628 1576 680 fecisse

185 715 248 747 705
271 701 346 754 Et
385 701 582 753 dicere:
632 699 902 768 Scriptum
942 701 1017 754 sic
1057 704 1192 770 erat,
1238 702 1397 757 modo
1445 702 1655 754 credere
1695 703 1779 755 fas
1821 707 1918 756 est.

273 773 378 827 Sed
416 773 680 827 Dominus
719 775 834 842 ipse
875 775 1181 828 obscuravit
1219 794 1406 828 sensus
1447 793 1644 845 eorum,

272 848 551 902 Induravit
591 866 680 901 eos
723 848 861 900 sicut
898 847 1238 901 Pharaonem
1275 849 1333 900 in
1370 850 1525 917 ipsis;

271 921 385 974 Nec
424 940 610 990 preces
651 939 834 973 eorum
875 922 952 973 ait
990 922 1237 974 exaudire
1279 940 1334 974 se
1374 923 1513 975 velle

272 995 347 1047 Et
386 996 448 1047 de
487 998 632 1047 terra
673 1013 768 1046 sua
806 995 1034 1062 proiecit
1070 996 1193 1048 illos
1232 996 1415 1048 iratus

184 1083 248 1114 710
273 1068 407 1122 Cum
446 1069 587 1121 filios
626 1068 749 1120 illos
787 1069 970 1137 utique
1009 1069 1118 1121 iam
1157 1069 1363 1121 dixerat
1401 1071 1540 1134 ante,

268 1142 503 1195 Necesse
542 1143 789 1195 voluerat
826 1142 969 1194 bono
1011 1142 1168 1194 corde
1207 1143 1384 1195 vivere
1423 1146 1598 1211 natOS‚

272 1215 498 1278 Quando
538 1219 691 1284 pater
730 1215 950 1285 gaudet,
991 1233 1111 1267 cum
1152 1216 1223 1268 sit
1262 1217 1437 1269 bonus
1477 1217 1619 1268 filius
1658 1217 1755 1268 illi.

272 1290 427 1352 Quod
469 1290 513 1342 si
552 1289 725 1340 malus
764 1288 950 1356 fuerit,
990 1292 1291 1342 exsecretur
1331 1290 1451 1342 odio
1492 1293 1693 1342 natum.

271 1363 614 1417 Contrarium
652 1362 832 1414 nullus
871 1362 1077 1430 patitur
1117 1363 1221 1415 sibi
1257 1363 1429 1415 filium
1470 1381 1599 1415 esse.

183 1451 245 1483 715
269 1436 523 1490 Excludit
562 1436 737 1489 omnis
779 1453 834 1487 se
874 1436 1069 1488 caritas
1110 1436 1320 1488 crudele
1360 1437 1423 1488 de
1462 1440 1589 1488 nato

270 1510 384 1564 Nec
423 1511 555 1563 facit
593 1510 844 1562 heredem
882 1510 1035 1561 illum
1075 1528 1139 1562 ex
1179 1528 1296 1562 asse
1337 1529 1570 1563 suorum.

272 1584 441 1646 Quem
482 1585 528 1636 si
567 1583 716 1652 prius
756 1583 958 1651 poterit
997 1601 1329 1649 consumere,
1370 1584 1567 1652 gaudet
1604 1584 1660 1636 in
1697 1585 1850 1637 illum

269 1658 505 1726 Impium
546 1661 598 1708 et
637 1674 857 1709 saevum
897 1657 1136 1709 sobolem
1173 1657 1344 1709 reisve
1383 1659 1700 1724 tyrannum3

268 1731 384 1784 Nec
424 1730 641 1783 obvium
680 1729 884 1798 patitur
923 1730 1136 1798 genitor
1174 1732 1473 1782 commotus
1514 1730 1581 1781 ab
1623 1730 1733 1782 illo.

193 1819 260 1851 720
286 1804 427 1866 Quid
465 1804 557 1855 isti
597 1806 970 1871 praesumunt,
1010 1821 1131 1855 cum
1165 1803 1279 1855 sint
1319 1802 1614 1871 adhortati,
1653 1803 1913 1856 dicentes:

268 1878 353 1932 Ex
394 1877 541 1930 omni
578 1877 781 1945 populo
818 1895 918 1929 nos
959 1895 1141 1928 sumus
1182 1876 1444 1928 carissimi
1484 1873 1738 1929 Summo?

268 1951 545 2004 Parricida
583 1950 755 2019 patris
796 1968 1005 2018 semper
1044 1953 1127 2002 est
1166 1950 1427 2018 superbus
1467 1950 1523 2001 in
1562 1950 1679 2008 illo:

272 2024 441 2078 Carus
483 2042 596 2076 esse
636 2025 817 2092 potest
855 2027 949 2075 aut
986 2024 1139 2076 heres
1178 2024 1292 2075 i-ure
1331 2022 1550 2076 vocari?

272 2098 329 2152 Si
367 2102 547 2166 patres
588 2097 829 2150 carnales
867 2097 1002 2149 tales
1043 2097 1379 2149 detestantur
1419 2097 1679 2164 alumnOS‚

183 2186 248 2218 725
274 2172 487 2234 Quanto
526 2171 701 2240 magis
740 2169 1027 2238 DominUS,
1068 2173 1323 2238 superant
1362 2170 1446 2222 cui
1483 2170 1581 2221 filii
1612 2169 1854 2238 legandi!

269 2245 592 2312 Mansuetis,
630 2244 923 2296 humilibus
934 2285 947 2312 ,
988 2244 1245 2312 obsequio
1285 2243 1459 2311 plenis
1501 2244 1728 2294 alumnis

269 2319 621 2385 Dividuntur‚
645 2335 797 2386 ‚quae
836 2318 1004 2384 bona,
1042 2335 1153 2369 non
1190 2317 1368 2384 impiis
1407 2333 1580 2383 neque
1619 2315 1878 2382 tyrannis„

270 2392 533 2460 Adoptati
571 2391 786 2443 fuerant
823 2390 1107 2442 manifeste
1146 2390 1242 2441 filii
1280 2388 1479 2456 Iudaei,

273 2465 375 2518 Sed
414 2467 472 2517 in
509 2466 832 2517 testamento
873 2462 1148 2515 consecuti
1189 2464 1315 2515 sunt
1351 2461 1502 2529 impii
1540 2479 1750 2513 nomen.

180 2553 249 2584 730
271 2539 384 2607 Ipsi
424 2539 526 2591 sibi
563 2539 836 2606 reputent:
878 2537 1073 2588 scelere
1113 2535 1396 2588 commisso
1437 2534 1656 2598 cruenti,

272 2611 376 2673 Qui
416 2613 667 2680 poterant
704 2610 889 2678 utique
927 2609 1216 2677 participes
1257 2625 1373 2660 esse
1411 2608 1690 2675 bonorum,

273 2684 376 2747 Qui
415 2685 573 2737 nobis
614 2684 866 2750 strident,
906 2683 997 2751 qui
1034 2701 1133 2735 nos
1174 2681 1511 2734 aemulantur
1549 2681 1808 2733 heredes?

271 2757 549 2810 Fecissent
589 2758 634 2809 si
672 2758 894 2824 bonum,
934 2759 988 2807 et
1027 2758 1180 2808 erant
1217 2755 1274 2806 in
1312 2757 1462 2822 parte
1502 2755 1679 2823 legati.

271 2830 386 2883 Nec
424 2830 582 2882 hodie
622 2833 804 2882 tacent
841 2833 895 2881 et
934 2828 1148 2882 Christo
1188 2828 1398 2881 credere
1436 2829 1640 2895 nolunt,
