2020 3192
244 110 437 154 XXXVI
680 105 682 107 ¹
888 111 1247 158 PRAEFATIO.

244 229 409 281 Verba
446 235 639 284 statuta
678 236 903 300 tempooa
941 232 1185 300 complet
1170 251 1226 284 m
1248 233 1560 302 parenthesi
1582 235 1890 304 perscripsi,

244 306 303 354 ut
350 304 642 372 legentium
689 306 968 359 commodo
1016 306 1409 374 subveniretur3
1455 323 1571 359 eam
1607 306 1715 376 ΕΙ),
1760 309 1884 361 dnm

243 375 312 444 R,
361 377 451 445 qui
489 378 692 431 maiore
730 378 1162 448 interpunctione
1200 383 1326 447 post
1373 379 1641 448 eomplet'
1681 398 1801 433 cum
1838 381 1882 434 P

243 450 668 504 enuntiationem
705 451 916 506 finiunt.
956 484 1026 490 ——
1066 471 1115 506 v..
1155 453 1275 506 882.
1321 454 1495 520 inique
1530 471 1548 504 o
1549 453 1773 537 epletam
1811 453 1882 523 M,

247 524 425 590 iniquo
464 525 707 592 repletam
744 525 809 580 R.
847 557 915 564 —
956 545 1005 579 V.
1044 526 1167 579 883.
1205 531 1551 580 maceraverat
1583 526 1626 578 P
1663 527 1722 579 in
1759 544 1884 591 exe„

242 597 535 650 macerabat
570 598 640 651 M.
693 629 755 636 —
806 618 854 652 V.
894 600 1017 654 884.
1055 601 1158 653 ista
1195 599 1261 668 L,
1313 602 1373 653 in
1409 600 1558 653 histis
1594 600 1674 665 M,
1728 601 1884 654 hostis
1980 628 1985 642 ·
2017 612 2020 641 ³

241 669 306 738 P,
344 671 458 724 istis
495 671 557 724 R.
597 702 667 709 —
706 691 754 725 V.
794 672 916 726 885.
953 673 1019 727 ab
1056 675 1296 727 orientem
1325 673 1389 738 R,
1429 674 1493 727 cf.
1532 673 1597 728 It.
1635 674 1767 741 4093
1814 675 1887 727 ad

241 745 482 796 orientem
504 743 576 798 M.
618 776 687 784 —
726 764 776 799 V.
813 747 938 800 888.
974 747 1295 815 implebitque
1331 764 1474 800 mare
1496 747 1597 812 Εἴ),
1635 748 1884 815 implevit-

239 834 334 884 que
371 835 514 871 mare
550 817 622 871 M.
672 850 734 856 -
783 820 1001 874 navibus
1037 837 1152 873 enni
1196 822 1347 874 milia
1398 822 1564 874 multa
1600 820 1678 885 M,
1732 837 1884 874 naves

239 908 355 944 euni
392 892 542 944 milia
578 893 742 945 malta
780 892 933 946 Lbch
978 924 1052 931 —
1102 912 1150 947 V.
1190 894 1313 947 890.
1369 895 1564 962 Tyrum
1601 898 1649 946 et
1685 893 1884 947 Sidona

240 963 342 1028 ΕΙ),
382 963 577 1033 Cyrum
615 969 662 1018 et
682 965 881 1020 Sidona
903 965 975 1018 M.
1001 996 1071 1003 —
1094 967 1323 1020 subactos
1345 966 1417 1035 M,
1453 967 1689 1020 subactas
1718 966 1883 1019 Lbch.

239 1036 475 1090 Nomina
513 1038 847 1107 quarundam
883 1040 1098 1092 urbium
1135 1040 1194 1092 in
1214 1059 1279 1093 us
1302 1040 1387 1092 Vel
1408 1041 1466 1092 in
1489 1053 1560 1092 on
1583 1039 1883 1092 desinentia

241 1111 510 1164 interdum
549 1113 762 1181 generis
800 1113 923 1166 fem.
965 1116 1114 1182 sunt,
1151 1116 1213 1166 ut
1250 1131 1361 1166 non
1399 1114 1703 1166 dubitemus
1729 1111 1883 1166 Com-

239 1184 491 1238 modiano
539 1185 763 1254 ‘Tyrum
810 1190 864 1239 et
894 1185 1105 1240 >Sidona
1151 1186 1421 1239 subactos'
1462 1187 1768 1254 concedere3
1818 1186 1883 1238 of.

241 1255 501 1311 Corintho
541 1259 716 1313 deleto
757 1258 814 1312 G.
851 1258 893 1312 Ι.
931 1258 975 1312 L
1015 1260 1145 1328 541,
1198 1260 1459 1312 Pharsalo
1511 1263 1731 1328 excepto
1771 1258 1883 1310 LiV.

239 1331 334 1400 33,
373 1332 468 1401 34,
509 1334 565 1401 7,
613 1332 863 1386 Brauron
902 1352 1063 1386 maso.
1112 1333 1246 1386 Stat.
1285 1333 1452 1385 Theb.
1497 1334 1586 1396 12,
1627 1332 1756 1401 615,
1805 1331 1882 1384 Si-

230 1402 378 1473 ‘cyon
431 1403 540 1459 Cio.
586 1405 699 1458 Att.
742 1407 797 1470 1,
840 1407 932 1476 13,
983 1408 1027 1458 1.
1075 1425 1123 1459 V.
1167 1404 1320 1459 Neue
1358 1406 1385 1458 I
1422 1425 1473 1475 p.
1512 1405 1620 1458 654
1659 1424 1771 1475 sqq.
1811 1434 1884 1442 —-

244 1497 290 1532 v.
334 1478 456 1531 891.
508 1481 762 1547 finitimae
805 1479 873 1549 Ρ,
925 1480 1179 1548 finitimas
1222 1479 1296 1532 M.
1353 1510 1415 1516 --
1473 1497 1522 1531 V.
1570 1479 1690 1531 896.
1734 1480 1885 1546 iynea

240 1553 495 1619 quadriya
533 1553 706 1622 Lbeh,
743 1554 860 1621 iyne
896 1555 1076 1620 quadr.
1115 1553 1194 1622 Μ,
1232 1555 1409 1620 iyneas
1445 1553 1626 1619 quadr.
1665 1551 1732 1620 Ρ,
1770 1553 1886 1619 iyne

242 1625 325 1676 vel
362 1626 498 1693 iynis
534 1628 715 1693 quadr.
753 1626 821 1678 id.
859 1627 916 1679 in
955 1644 1065 1679 exo.
1101 1657 1174 1663 ——
1212 1626 1260 1678 V.
1285 1626 1407 1678 897.
1431 1625 1691 1678 nuntiabit
1720 1624 1883 1690 Lbch,

239 1700 439 1751 nuntiet
475 1698 554 1767 M,
598 1717 728 1766 qaae
770 1701 972 1753 nuntiet
1014 1699 1115 1752 Eb.
1155 1730 1227 1738 —
1267 1717 1315 1751 V.
1355 1698 1461 1751 899
1503 1717 1582 1767 sq.
1626 1698 1734 1765 reyi
1770 1714 1885 1749 emn

236 1772 472 1840 ⁴(sentibu.‹5
509 1773 630 1826 illis.
690 1772 880 1827 Persae
915 1772 980 1842 R,
1017 1775 1138 1841 reyi.
1199 1772 1329 1826 Cani
1362 1789 1411 1840 9.
1450 1772 1557 1824 illis
1580 1770 1730 1823 Persi
1759 1769 1884 1822 MP.

245 1875 307 1882 -—
352 1865 398 1898 V.
422 1846 546 1899 900.
585 1846 871 1914 Babylo'nii
907 1847 1147 1900 venibunt
1184 1846 1248 1898 of.
1288 1864 1336 1898 V.
1364 1844 1484 1898 152.
1527 1874 1590 1881 —-
1632 1843 1884 1907 venibant,

243 1919 307 1971 of.
345 1917 496 1972 Neue
533 1918 589 1971 II
626 1920 734 1973 448
767 1924 822 1973 et
852 1920 919 1973 It.
944 1920 1066 1972 291.
1106 1949 1176 1956 --
1216 1938 1263 1971 V.
1302 1919 1426 1971 901.
1463 1918 1629 1970 allani
1666 1917 1886 1970 dolorem

243 1991 309 2059 L,
355 1993 453 2045 ‘calli
498 1994 665 2046 dolore
701 1992 781 2062 M,
833 1994 932 2047 ulli
975 1994 1144 2047 dolore
1190 1992 1255 2060 P,
1300 1992 1399 2044 alli
1443 1992 1664 2044 dolorem
1711 1990 1774 2042 R.
1819 2019 1879 2027 -

243 2085 289 2117 V.
330 2066 453 2119 903.
488 2068 731 2133 proximo
775 2069 890 2120 visa
936 2065 1003 2135 L,
1046 2067 1285 2134 proxime
1328 2067 1498 2118 visani
1543 2064 1610 2133 P,
1651 2063 1887 2132 prooeime

243 2140 348 2191 viso
387 2139 451 2192 R.
491 2170 560 2178 —
599 2159 647 2193 V.
686 2141 809 2194 904.
846 2141 1083 2194 Exibunt
1119 2140 1200 2193 illi
1236 2138 1339 2203 Eb,
1376 2138 1562 2192 Exibit
1595 2139 1682 2190 ille
1718 2137 1789 2188 M.
1816 2165 1884 2172 —-

244 2231 293 2264 V.
332 2212 454 2265 907.
491 2214 633 2266 intas
670 2216 728 2267 in
764 2215 887 2267 arbe
909 2213 983 2282 M,
1020 2215 1162 2266 intus
1199 2214 1258 2265 in
1293 2212 1467 2264 arbem
1504 2211 1547 2263 P
1586 2211 1644 2262 in
1682 2227 1789 2261 exe.
1817 2239 1877 2245 -—

244 2304 292 2337 V.
332 2286 453 2339 910.
500 2287 787 2340 Novissime
830 2289 1028 2340 nudam
1072 2287 1289 2354 adiyant
1323 2285 1552 2337 incendio
1587 2284 1781 2348 factam
1821 2280 1885 2349 D,

245 2360 524 2412 novissima
560 2362 780 2414 enudant
818 2362 1036 2428 adiyiint
1054 2359 1286 2412 incendio
1313 2357 1456 2423 faeta
1478 2355 1551 2424 M,
1591 2356 1886 2408 Novissima

246 2434 527 2501 inundant,
564 2435 782 2502 adiynnt
817 2434 1047 2486 incendio
1082 2433 1255 2498 fracta
1291 2430 1357 2494 Ρ,
1405 2429 1702 2482 Novissima
1742 2428 1777 2496 ζ,
1777 2428 1884 2494 ,die

246 2505 405 2558 letzte
457 2505 614 2559 Habe
629 2505 683 2576 “)
736 2508 905 2559 nudae
956 2506 1170 2572 abiyant
1226 2504 1476 2556 incendio*
1501 2503 1637 2568 facto
1689 2501 1753 2554 R.
1819 2531 1881 2537 -—

247 2597 294 2630 V.
344 2579 465 2632 913.
511 2597 561 2632 se
606 2581 963 2647 adinveniant,
1015 2580 1074 2631 in
1116 2594 1214 2645 qno
1257 2578 1365 2630 sint
1408 2581 1623 2642 tempore
1667 2576 1775 2626 ruti
1826 2572 1885 2640 L,

249 2668 302 2703 se
338 2653 686 2717 adinveniant,
724 2655 782 2705 in
820 2669 942 2720 quos
979 2652 1036 2704 in
1076 2656 1292 2718 tempore
1329 2650 1464 2702 bruti
1486 2649 1557 2718 M,
1595 2666 1645 2701 se
1682 2649 1886 2700 adinve-

244 2726 401 2776 niunt
436 2727 637 2791 iniquos
667 2728 725 2779 in
750 2730 964 2793 tempore
987 2726 1058 2778 br.
1082 2724 1145 2792 P3
1184 2724 1325 2777 idem
1348 2724 1406 2775 in
1430 2740 1538 2775 exe.
1562 2722 1692 2774 haee
1718 2720 1885 2774 dedit:
