2020 3192
237 215 365 259 XXII
881 217 1240 263 PRAEFATIO.

235 334 279 387 L
318 340 428 388 erat
464 339 588 404 post
626 336 715 388 hoc
753 336 811 388 M
850 337 1092 406 praebet,
1141 337 1282 406 quod
1328 337 1551 406 adparet
1589 356 1654 390 ex
1692 340 1878 392 eodem

237 428 425 462 versus
467 410 814 479 superscripti
844 411 978 463 ·loco
1025 414 1245 479 propter
1282 411 1569 480 repetitum
1609 411 1747 465 ‘Dei’
1787 431 1877 466 vo-

234 483 482 535 cabulum
521 484 580 535 in
617 483 759 536 hunc
807 503 855 536 v.
900 484 1194 537 transiisse.
1277 485 1435 538 uobis.
1471 490 1477 551 Ι
1522 485 1669 551 Quod
1693 487 1879 553 palam

233 558 465 623 adparet,
512 556 602 610 hoc
646 561 776 622 erat,
823 556 928 610 Dei
971 575 1157 611 nomeu
1204 560 1334 612 oriri
1342 576 1359 621 ,·
1413 558 1457 610 P
1507 559 1646 625 Quae
1681 577 1737 627 p.
1791 561 1879 613 ad-

223 630 461 697 parebat,
505 631 690 697 factus
772 629 877 683 Dei
925 649 1113 684 numen
1159 633 1290 684 oriri
1334 632 1396 685 R.
1449 663 1511 669 --
1562 651 1614 685 v.
1654 633 1762 686 340
1802 652 1878 703 sq.
1981 631 1987 643 ’

233 704 456 757 liabetur.
492 703 499 772 Ι
533 704 650 757 Hoc
688 703 754 772 L,
792 704 1016 774 habetur,
1051 708 1058 770 Ι
1092 705 1208 758 Hoc
1245 705 1307 758 R.
1355 737 1417 743 —-
1460 725 1507 759 v.
1547 706 1669 758 341.
1707 708 1798 774 qui
1835 712 1882 760 et

233 776 310 845 M,
358 778 447 844 qui
492 777 536 830 P
582 777 641 829 in
687 795 795 831 exc.
844 809 912 815 —
961 798 1010 831 V.
1050 779 1159 831 344
1199 797 1275 848 sq.
1308 784 1498 847 yeuteS,
1545 780 1710 847 Apud
1754 797 1879 847 quos

232 849 312 918 M,
366 868 493 918 quas
545 851 609 903 R.
695 851 759 904 cf.
815 870 863 903 v.
921 852 1053 904 346:
1108 853 1218 920 qui3
1273 853 1402 905 679:
1459 856 1647 923 gentes
1700 872 1878 923 puros.

230 923 390 976 Instr.
434 925 488 992 1,
527 925 621 992 26,
645 924 738 976 24;
772 941 895 992 qens
934 927 988 976 et
1025 942 1111 992 690
1149 925 1229 976 fui
1265 944 1516 993 perversa
1554 929 1734 979 mente
1772 945 1879 981 mo-

231 1002 392 1051 ratus.
451 1027 520 1034 --
575 1017 623 1050 v.
670 997 792 1050 346.
849 997 950 1063 Qui
994 996 1072 1067 M,
1131 998 1270 1064 Quae
1306 999 1369 1051 R..
1420 1030 1482 1036 ——-
1533 1018 1581 1052 v.
1621 999 1743 1052 352.
1789 1018 1880 1053 nec

228 1071 416 1136 facie'm
461 1070 623 1123 ave'rti
667 1071 834 1138 sputis
880 1088 1054 1124 eorum
1099 1071 1172 1123 Μ.
1254 1071 1409 1125 Aliae
1455 1073 1729 1125 versiones
1775 1074 1879 1128 loci

231 1144 435 1196 Iesaiae
476 1143 594 1214 (50,
633 1142 817 1215 5—6)
865 1144 1088 1196 eandem
1129 1145 1366 1198 eiusdem
1406 1146 1656 1199 dictionis
1694 1164 1879 1199 vocem

236 1216 493 1286 ‘sputum'
527 1215 657 1287 (non
683 1216 1151 1288 ‘sputamentum')
1173 1220 1456 1287 praebent:
1488 1219 1680 1272 faciem
1703 1238 1878 1272 meam

231 1310 343 1344 non
375 1292 543 1344 averti
569 1310 601 1344 a
633 1291 887 1343 foeditate
910 1296 1178 1358 sputorum
1217 1291 1281 1344 cf.
1306 1291 1461 1361 Cypr.
1486 1292 1703 1345 Testim.
1728 1292 1782 1345 II
1810 1294 1877 1345 13

233 1369 286 1417 et
322 1364 495 1433 Epist.
533 1363 669 1416 XIII
707 1365 765 1432 43
813 1363 1059 1417 Lactant.
1098 1364 1236 1417 Inst.
1272 1365 1351 1418 IV
1396 1367 1485 1433 18,
1528 1367 1594 1418 13
1642 1369 1696 1418 et
1732 1366 1878 1434 Epit.

231 1439 331 1507 46,
375 1442 420 1490 1.
496 1438 600 1491 vid.
640 1440 922 1490 comment.
962 1437 1255 1491 Roenschii
1293 1457 1344 1506 p.
1383 1439 1511 1507 2493
1551 1457 1879 1508 quamquam

232 1513 321 1564 ille
359 1529 410 1563 ii.
447 1512 487 1577 f.
525 1529 572 1564 a.
611 1512 949 1578 sputamentis
987 1529 1160 1564 eorum
1199 1512 1429 1580 scripsit.
1472 1543 1535 1549 —
1579 1531 1627 1564 v
1668 1513 1790 1565 354.
1821 1517 1882 1565 ut

234 1604 291 1637 eii
283 1586 546 1652 itutietur3
596 1584 660 1636 de
700 1585 1074 1637 consecutione
1113 1588 1440 1654 temporum,
1487 1604 1591 1655 qua
1631 1584 1876 1638 Commo-

233 1659 421 1710 dianus
461 1676 589 1710 usus
622 1660 728 1726 est,
769 1657 833 1710 cf.
856 1657 1086 1710 indicem
1109 1657 1434 1710 Latinitatis.
1460 1688 1528 1695 —
1554 1677 1600 1711 v.
1626 1658 1734 1710 355
1761 1676 1874 1741 sqq.

233 1732 564 1799 complacuit:
605 1730 892 1784 Consilium
928 1732 1151 1783 neminis
1187 1748 1325 1799 usus,
1343 1723 1367 1800 Ι
1401 1731 1434 1798 (
1429 1732 1578 1784 Nec
1642 1732 1878 1799 venire)

223 1823 324 1872 pio
377 1805 522 1858 uobis
562 1802 568 1874 Ι
613 1804 838 1856 Mortem
890 1803 965 1872 R,
1018 1805 1338 1871 complacuit,
1392 1821 1523 1857 cous.
1576 1802 1873 1875 u.usic8,1

233 1879 341 1931 Nec
380 1920 390 1929 .
431 1920 441 1930 .
484 1919 494 1930 .
533 1878 691 1931 uobis.
751 1877 757 1945 1
814 1877 1039 1930 Mortem
1091 1877 1149 1930 P.
1208 1908 1271 1915 —
1328 1897 1377 1931 v.
1427 1878 1549 1930 363
1596 1879 1788 1944 premit
1830 1877 1879 1929 R

232 1952 288 2004 in
344 1969 531 2004 comm.
586 1950 833 2019 coniecit,
895 1951 952 2002 in
1007 1950 1241 2003 editione
1297 1968 1416 2003 cum
1472 1951 1653 2003 codice
1704 1951 1882 2017 fremit

235 2025 461 2093 scripsit.
508 2055 576 2062 —-
625 2043 673 2077 v.
712 2025 836 2076 371.
881 2024 958 2076 Et
999 2025 1114 2091 quis
1157 2025 1216 2076 iii
1254 2040 1483 2077 occasum
1510 2024 1880 2091 prophetarum

235 2099 335 2166 {eye
380 2098 605 2150 veniret?
644 2096 711 2162 L,
757 2097 835 2149 Et
868 2098 959 2164 qui
997 2094 1133 2167 (quis
1171 2095 1314 2168 M),.
1340 2139 1386 2150 ..
1425 2099 1634 2162 veniret,
1684 2102 1880 2150 comitate

235 2174 332 2224 etc.
377 2171 451 2240 R,
504 2189 624 2223 cum
671 2170 801 2240 qui²
849 2171 916 2222 ad
955 2190 1003 2223 v.
1043 2170 1316 2223 Domino'
1367 2171 1603 2223 referret.
1686 2170 1878 2222 Eidem

235 2246 469 2313 placeret
506 2245 693 2298 vehiret
731 2244 820 2313 (cf.
860 2243 929 2296 It.
967 2263 1018 2312 p.
1059 2244 1168 2297 284
1209 2243 1345 2312 sqq.)
1382 2262 1481 2311 pro
1521 2244 1732 2310 veniret,
1772 2261 1876 2311 quo

233 2319 454 2386 propius
511 2337 542 2370 a
589 2317 794 2370 Graeca
839 2317 1110 2369 locutione
1156 2317 1231 2388 τῷ
1273 2312 1618 2383 ἐπιβεβηκότι
1666 2285 1752 2381 (ci'.
1792 2315 1876 2367 Ps.

240 2392 333 2460 67,
374 2390 431 2461 5)
474 2391 700 2444 abesset.
745 2419 808 2427 —-
852 2408 900 2441 v.
925 2390 1048 2441 373.
1072 2394 1285 2472 quartus
1308 2389 1726 2456 quadraqesimus
1751 2387 1876 2458 (sic)

235 2463 310 2516 M.
348 2495 420 2502 --
459 2484 506 2517 v.
547 2465 669 2517 380.
709 2463 920 2530 imperet
950 2462 1182 2530 yeutibus
1224 2463 1332 2529 ipse
1368 2460 1432 2529 P,
1478 2462 1725 2528 imperent
1755 2480 1803 2529 9.
1841 2464 1876 2514 i.

234 2537 305 2589 M.
349 2568 414 2575 -—
455 2556 503 2590 v.
543 2538 666 2590 381.
708 2535 846 2602 Quid
871 2535 1114 2602 pluribus
1151 2552 1276 2602 opus
1320 2538 1394 2587 est
1428 2533 1492 2603 L,
1545 2534 1599 2600 Q.
1629 2535 1877 2602 plurimis

236 2629 278 2663 0.
303 2628 340 2662 e.
364 2610 435 2662 M.
478 2641 545 2647 —
587 2629 634 2662 v.
667 2609 790 2662 382.
818 2608 1074 2676 probatur
1103 2607 1182 2676 M,
1220 2608 1394 2677 prima
1431 2626 1619 2675 manu3
1660 2608 1878 2659 laetatur

238 2702 379 2752 supr.
403 2683 494 2736 lin.
520 2701 652 2736 corr.
678 2714 746 2720 —
772 2701 820 2734 v.
846 2681 968 2734 384.
992 2699 1199 2749 mayum
1236 2681 1501 2747 infamant
1535 2679 1594 2748 P,
1633 2698 1878 2748 inaquam

237 2757 330 2822 inf.
377 2755 448 2807 M.
497 2788 565 2794 —
613 2775 661 2808 v.
709 2756 831 2808 386.
881 2755 1142 2807 exsulatus
1180 2753 1223 2805 P
1269 2754 1324 2806 in
1371 2772 1501 2821 exc,
1547 2755 1768 2806 exolatos
1806 2754 1876 2821 M,
1963 2792 1966 2795 -
2016 2761 2020 2805 ἶ

237 2830 492 2882 exsulatos
538 2829 580 2880 P
631 2829 687 2880 in
733 2830 860 2880 text.
918 2858 985 2864 ——
1040 2845 1127 2880 nec
1175 2829 1290 2894 ipsa
1335 2831 1557 2880 senectus
1600 2826 1665 2895 L,
1718 2828 1776 2879 iu
1828 2845 1878 2880 se
