2020 3192
587 235 843 280 CARMEN
874 234 1371 281 APOLOGETICVM.
1728 239 1796 290 21

68 371 133 404 665
157 354 232 408 Et
271 356 466 425 quibus
507 356 773 408 absconsa
811 357 1115 409 revelantur
1152 373 1314 409 aurea
1351 357 1543 409 saecla.

155 429 261 481 Per
297 431 382 482 tot
418 431 568 482 vates
607 447 831 483 numero
872 429 936 482 de
974 429 1086 482 filio
1126 428 1229 483 Dei
1267 429 1543 498 clamatur,

156 503 232 555 Et
270 503 542 556 cluserunt
580 503 764 556 oculos
804 503 901 555 filii
938 503 1041 556 Dei
1078 503 1242 572 primi
1279 503 1478 572 vocati3

158 575 260 638 Qui
302 577 497 630 scelere
533 576 680 637 facto
720 595 833 629 non
874 580 1001 629 sunt
1038 576 1307 629 recordati
1344 577 1586 646 legendo,

158 650 261 702 Sed
299 652 667 718 perseverant:
706 649 795 701 En
833 667 933 702 nos
973 667 1158 702 sumus
1198 649 1377 702 electi!
1419 650 1670 704 dicentes,

67 739 135 770 670
268 722 461 775 Adhuc
499 723 772 775 infatuant
809 722 1066 792 profanos
1104 723 1311 775 balneis
1349 723 1442 791 ire,

158 795 304 859 Quos
343 796 550 849 faciant
587 796 814 850 mundos
853 797 960 865 ipsi
997 795 1113 850 Deo
1155 815 1363 849 summo
1403 797 1625 865 placere.

155 869 317 938 Aqua
354 870 502 923 lavat
541 870 747 938 sordes,
784 888 896 923 non
934 870 1128 922 intima
1167 870 1343 923 cordis
1383 870 1582 940 iniqua.

156 941 272 996 Nec
313 961 468 996 sacra
508 944 772 1013 sacrilega
811 947 1067 1012 poterunt
1103 944 1286 997 lavare
1325 947 1524 1012 curata,

28 1028 45 1091 43
157 1015 273 1069 Nec
313 1017 391 1069 ita
428 1017 706 1086 praecepit
743 1016 1011 1070 Dominus
1052 1035 1206 1070 sacra
1243 1016 1384 1069 ferre
1423 1017 1693 1088 malignis,

28 1083 134 1138 53'675
157 1090 260 1143 Est
297 1091 447 1144 locus
485 1090 768 1155 Ieremiae,
808 1091 875 1143 ab
915 1091 1075 1144 idolis
1115 1091 1346 1143 mundos
1384 1090 1599 1143 haberi:

28 1166 31 1174 “
155 1163 209 1216 N
212 1182 331 1217 emo
372 1164 477 1216 sibi
514 1163 679 1217 faciat
719 1164 1060 1217 simulacrum
1100 1163 1402 1232 daemoniS,
1443 1165 1632 1233 inquit,

155 1236 446 1307 Nunquam
487 1239 542 1289 et
578 1237 689 1290 illis
729 1237 888 1290 idolis
929 1237 1128 1290 servire
1166 1238 1348 1290 nolite.

157 1308 216 1364 Si
253 1310 401 1363 Deus
439 1311 714 1380 praecepit
753 1311 821 1363 ab
861 1311 1019 1364 idolis
1058 1310 1212 1364 valde
1252 1311 1445 1380 caveri,

159 1383 300 1447 Quid
338 1385 421 1437 illi
459 1384 734 1452 decipiunt
773 1387 960 1453 gentes
1000 1403 1165 1453 puros
1205 1402 1322 1437 esse
1360 1383 1629 1437 lavacris?

69 1473 135 1505 680
157 1457 331 1510 Immo
373 1476 495 1510 cum
532 1458 796 1526 recipient
832 1458 995 1526 taleS,
1035 1458 1225 1511 docere
1266 1458 1520 1510 deberent

27 1543 29 1558 ³
160 1529 367 1583 Servire
405 1549 517 1583 non
555 1531 698 1592 aliis,
737 1531 845 1584 nisi
881 1534 1095 1584 tantum
1134 1529 1355 1584 Summo
1394 1532 1621 1599 placere.

157 1603 305 1656 Dum
349 1604 557 1657 facinus
604 1606 881 1674 quaerunt·
913 1605 1234 1658 obumbrare
1273 1603 1474 1658 Christi
1520 1605 1583 1656 de
1622 1607 1808 1673 morte,

158 1677 428 1745 Aperiunt
464 1678 651 1730 valvas
691 1678 919 1746 passim,
958 1682 1019 1730 ut
1055 1678 1288 1730 intretur
1327 1678 1393 1730 ad
1432 1678 1570 1730 11106.

27 1794 29 1807 1
157 1749 302 1803 Hinc
340 1767 469 1820 ergo
511 1751 833 1820 depereunt,
881 1752 974 1820 qui
1022 1769 1078 1804 se
1126 1754 1321 1820 putant
1358 1769 1520 1819 puros
1562 1752 1629 1803 ab
1670 1770 1809 1820 aqua

26 1811 43 1873 1
71 1838 135 1870 685
158 1822 327 1877 Posse
365 1823 469 1876 Dei
506 1824 647 1894 fieri,
687 1825 1023 1878 conscientes
1062 1827 1188 1877 ante
1225 1825 1442 1879 latroni.

157 1895 319 1950 Nunc
358 1898 489 1950 colit
524 1898 584 1950 in
621 1916 762 1951 vano
804 1899 1102 1968 quodlibet,
1149 1917 1293 1951 nunc
1341 1902 1530 1951 sancta
1568 1898 1808 1968 requirit,

58 1985 62 1995 ·
159 1969 351 2024 Nescit
387 1971 481 2023 ubi
521 1971 759 2040 primum
798 1975 1043 2025 occurrat
1080 1972 1281 2025 inscius
1319 1972 1432 2024 ille:

160 2044 242 2096 Ac
279 2043 439 2098 idolis
479 2045 666 2113 servit,
703 2045 899 2097 iterum
937 2045 1267 2098 tricesimam
1305 2045 1533 2114 quaerit3

160 2116 321 2170 Nunc
361 2135 555 2186 azyma
594 2119 856 2186 sequitur,
897 2118 989 2187 qui
1028 2122 1206 2170 castus
1248 2118 1433 2170 aderat
1471 2120 1610 2170 ante.

21 2210 31 2261 3<
71 2205 140 2238 6⁰0
162 2190 282 2243 Hoc
320 2190 437 2243 Deo
475 2209 586 2244 non
623 2192 827 2259 placuit
864 2192 1152 2260 participes
1192 2191 1511 2244 daemonum
1552 2209 1683 2254 esse,

22 2250 33 2327 ᾗ(
163 2263 268 2326 Qui
305 2265 481 2333 legem
519 2265 783 2332 instituit,
822 2265 976 2317 fieret
1014 2283 1118 2333 quo
1158 2265 1422 2317 transitus
1462 2265 1599 2316 inde.

63 2335 66 2339 ’
163 2336 302 2390 Sunt
338 2338 440 2390 tibi
477 2339 788 2407 propositae
829 2338 963 2391 duae
1000 2339 1141 2391 viae:
1183 2339 1346 2409 elige,
1386 2357 1548 2408 quam
1586 2338 1682 2402 viS,

161 2409 277 2464 Nec
315 2412 461 2464 enim
497 2414 553 2464 te
591 2411 785 2480 findeS,
823 2415 884 2464 ut
920 2412 1095 2482 possis
1135 2412 1213 2464 ire
1253 2429 1348 2480 per
1387 2411 1589 2479 ambaS,

164 2483 268 2537 Sed
304 2487 486 2538 tamen
526 2504 591 2540 ex
627 2486 759 2554 ipsis
800 2489 1162 2554 opportunam
1200 2502 1453 2555 quaerere
1493 2484 1668 2537 debes.
1741 2529 1747 2533 .

21 2583 23 2615 {
76 2571 142 2605 695
164 2556 248 2610 Ne
289 2558 450 2612 cadas
489 2560 547 2611 in
585 2559 766 2612 fauces
806 2559 1102 2627 latronum,
1142 2559 1349 2612 cautior
1387 2562 1528 2611 esto:

57 2642 59 2647 ⁴
164 2630 349 2684 Unum
389 2650 584 2702 quaere
621 2632 817 2697 Deum,
860 2634 951 2702 qui
990 2633 1200 2703 quaerit
1237 2632 1472 2685 hostiam
1510 2631 1730 2699 nullam,

21 2714 23 2726 ¹
163 2703 243 2756 Ut
279 2707 456 2773 possis
496 2706 730 2760 abolitus
769 2724 1049 2776 resurgere
1090 2707 1264 2759 saeclo
1305 2708 1521 2759 novato,

167 2777 307 2839 Quid
345 2779 515 2833 malos
555 2781 788 2833 attendis
828 2783 881 2832 et
918 2780 1123 2833 iudicas
1165 2782 1378 2832 sanctos
1416 2779 1647 2847 iniquOS,

167 2849 270 2912 Qui
308 2851 410 2903 tibi
446 2853 655 2906 nullum
694 2854 915 2906 verbum
955 2854 1019 2905 de
1056 2854 1175 2923 lege
1215 2851 1623 2905 demonstrant?
