2020 3192
257 245 328 296 24
883 245 1277 290 COMMODIANI

168 381 232 412 770
257 365 374 427 Qua
411 366 696 418 nativitate
737 365 1092 418 excordantur
1131 366 1275 418 caeci
1313 365 1513 433 Iudaei,

257 438 460 491 Stultos
499 439 773 491 infatuant
813 439 1008 491 scelere
1049 439 1334 491 commisso
1375 438 1596 492 cruenti.
1740 506 1752 510 δ

253 511 427 564 Nemo
468 515 649 580 potest
686 513 855 564 ullum
896 530 1215 565 excusamen
1254 512 1448 579 dicere,
1488 514 1776 581 postquam

257 584 554 638 Commodo
596 586 667 638 sit
703 586 859 639 nobis
899 586 1128 638 facultas
1170 586 1296 638 data
1336 585 1595 638 credendi.

255 658 384 712 Non
422 659 570 711 venit
606 659 664 711 in
701 677 838 712 vano
877 657 1142 712 Dominus
1180 660 1239 711 in
1275 660 1432 712 terris
1473 678 1500 711 e
1540 660 1702 727 caelo,

169 748 231 780 775
258 731 361 785 Sed
399 733 569 801 venit,
607 735 669 784 ut
706 733 909 786 faceret
946 733 1205 801 populum
1248 751 1343 785 suo
1382 733 1599 785 nomine
1640 732 1854 785 dictum.

236 805 426 867 ¹Quem
467 807 512 859 si
552 806 669 875 quis
711 806 988 859 confessus
1028 825 1137 859 non
1179 807 1280 858 erit
1315 807 1374 858 in
1412 807 1518 859 ista
1556 809 1765 875 natura,

231 878 405 946 {Perit
443 883 522 943 et,
563 880 705 948 quod
743 880 902 943 vixit,
941 880 998 931 in
1035 898 1211 948 poena
1251 898 1369 932 sero
1411 898 1466 932 se
1505 880 1743 948 damnat,

255 952 369 1005 Aut
407 957 572 1021 certe,
613 953 740 1004 dum
780 955 962 1021 sperat
1002 956 1314 1021 exspectans
1354 970 1587 1005 crescere
1628 971 1804 1014 canos,

255 1026 575 1090 Excluditur
615 1026 813 1078 diutius
855 1026 922 1078 ab
964 1029 1180 1078 aeterna
1218 1025 1331 1078 vita
1370 1025 1668 1078 defunctus,

169 1114 235 1145 vso
258 1099 407 1169 Ergo
447 1100 557 1152 iam
596 1099 662 1151 ad
701 1100 854 1151 illum
893 1099 1050 1151 citius
1089 1099 1359 1152 recordari
1397 1099 1666 1168 debemuS,

259 1173 362 1235 Qui
399 1174 557 1226 nobis
595 1175 722 1242 post
761 1173 969 1225 obitum
1007 1173 1292 1240 pollicetur
1329 1173 1549 1225 reddere
1588 1173 1769 1225 vitam.

256 1247 483 1315 Insuper
521 1247 623 1299 hoc
665 1246 832 1313 addit,
873 1247 1206 1299 immortales
1248 1265 1365 1299 esse
1402 1246 1613 1298 futuros

257 1320 331 1372 Et
368 1321 473 1372 frui
513 1320 650 1388 quod
693 1320 878 1372 oculus
917 1337 1030 1371 non
1067 1320 1274 1372 viderat
1313 1323 1436 1372 ante
1475 1319 1718 1372 videndO.

373 1612 476 1666 Sex
513 1614 730 1680 milibus
771 1613 923 1665 annis
963 1612 1274 1681 pervenient
1313 1613 1418 1664 ista
1455 1613 1688 1680 repletiS,

171 1700 235 1732 785
261 1686 376 1748 Quo
415 1689 656 1755 tempore
695 1705 795 1739 nos
834 1687 980 1754 ipsos
1022 1703 1178 1754 spero
1219 1685 1327 1736 iam
1367 1686 1424 1736 in
1463 1685 1618 1737 litore
1656 1687 1858 1753 portus

260 1761 412 1812 Tunc
450 1760 614 1813 homo
653 1762 899 1829 resurget
939 1759 1067 1811 solis
1106 1759 1163 1810 in
1202 1775 1376 1827 agone
1414 1758 1667 1810 reductus

258 1833 333 1885 Et
371 1834 571 1903 gaudet
607 1834 664 1885 in
704 1832 819 1885 Deo
860 1832 1228 1898 reminiscenS,
1268 1831 1395 1900 quid
1433 1831 1540 1882 fuit
1579 1835 1726 1898 ante3

261 1906 384 1974 Qui,
427 1908 564 1959 sicut
603 1907 808 1959 audivit
846 1906 1052 1975 fragilis
1092 1906 1149 1957 in
1186 1905 1418 1973 pristina
1457 1921 1630 1972 carne,

262 1978 398 2032 Cum
438 1980 508 2032 sit
544 1981 912 2048 incorruptus,
950 1979 1291 2048 recognoscit
1330 1982 1456 2030 ante
1495 1978 1771 2047 promissa.

173 2068 237 2099 790
262 2053 432 2114 Quam
479 2054 706 2123 gloriam
753 2053 954 2105 mirans
994 2052 1203 2105 homini
1240 2052 1549 2120 provenisse
1598 2051 1672 2104 sic
1710 2051 1903 2120 inquit:

263 2127 504 2188 Qualiter
545 2127 724 2180 audivi
762 2127 933 2195 prius,
974 2127 1048 2178 sic
1089 2126 1303 2195 singula
1342 2143 1513 2177 cerno.

260 2200 411 2253 Haec
449 2201 651 2270 pariter
691 2218 876 2253 omnes
917 2200 1155 2252 clamant
1195 2199 1261 2251 ab
1301 2198 1512 2251 inferno
1552 2198 1734 2250 levati:

263 2273 721 2335 Quemadmodum
760 2277 883 2326 ante
923 2273 1222 2326 audivimus
1232 2314 1247 2341 ,
1287 2290 1406 2324 ecce
1444 2271 1708 2323 videmus!

263 2346 430 2399 Cedet
469 2347 622 2400 dolor
661 2348 834 2400 omnis
876 2366 908 2399 a
946 2363 1191 2414 corpore,
1231 2346 1382 2398 cedet
1420 2347 1474 2395 et
1511 2344 1719 2411 vulnus,

174 2433 238 2465 ⁷95
262 2419 376 2473 Nec
419 2421 522 2473 erit
562 2421 804 2473 anxietas
842 2421 976 2487 ulla,
1013 2419 1120 2471 nisi
1159 2418 1356 2487 gaudia
1395 2434 1617 2484 semper.

263 2493 499 2563 Quisque
537 2494 712 2546 tribus
752 2493 920 2545 credit
958 2494 1011 2544 et
1051 2492 1219 2543 sensit
1256 2508 1421 2542 unum
1461 2489 1659 2556 adesse,

262 2566 365 2619 Hic
405 2568 507 2619 erit
542 2570 831 2636 perpetuus
870 2566 929 2618 in
969 2567 1187 2617 aeterna
1226 2564 1401 2616 saecla
1438 2565 1671 2614 renatus,

376 2639 477 2692 Sed
525 2640 765 2709 quidam:
811 2638 983 2706 Haec,
1032 2638 1203 2705 aiunt,
1250 2636 1462 2705 quando
1508 2635 1641 2687 haec
1680 2638 1904 2688 ventura

1081 2709 1370 2779 putamus}>

263 2785 507 2854 Accipite
546 2786 754 2853 paucis,
795 2785 990 2855 quibus
1031 2783 1165 2836 actis
1204 2783 1297 2835 illa
1338 2785 1638 2851 sequentur.

175 2874 240 2905 800
263 2858 435 2910 Multa
475 2859 687 2927 quidem
727 2859 884 2927 signa
921 2859 1051 2910 fient
1089 2859 1271 2908 tantae
1310 2856 1528 2908 termini
1566 2854 1750 2924 pestiS‚

189 3081 211 3092 x
