2020 3192
231 152 300 204 36
760 155 959 198 INDEX
991 154 1340 199 VERBORUM.

258 285 305 326 p.
343 271 527 314 XXII.
564 297 613 303 —-
651 271 782 315 dabis
817 273 1026 316 sanctum

259 335 391 372 tuum
423 329 663 373 interitum
697 329 855 374 videre
888 335 988 374 444.

231 387 444 432 daemon
476 394 574 432 676.
610 394 709 433 690.

230 446 314 502 de,
353 461 441 502 pro
482 448 568 491 abl.
608 448 762 491 instra
810 448 866 491 de
899 449 1029 492 tanto

1075 273 1345 376 deggvere,
1385 275 1488 317 tota
1519 275 1673 318 mente
1715 275 1871 320 devoti

991 407 998 412 ·
1076 390 1279 447 dexter,
1313 391 1551 435 dexteram
1582 396 1681 435 379.

1076 449 1308 494 diabolus
1344 455 1441 493 152.
1475 455 1574 495 768.

259 506 445 549 numine
466 511 562 551 117.
589 506 645 550 de
669 507 785 551 tuba
802 508 1032 551 canebant
1077 507 1212 552 dieto
1243 522 1406 564 parere
1439 514 1509 553 80.

261 569 360 608 227.
404 578 515 608 cura
554 565 611 608 de
649 566 790 610 verbo
830 571 929 611 232.
972 567 1029 610 de

257 622 377 667 ferro
403 638 557 668 secare
583 629 683 669 235.
715 625 772 668 de
804 639 930 669 serra
961 639 1028 669 se-

259 685 391 725 catus
423 686 522 727 510.
565 683 622 727 de
653 697 765 727 voce
796 698 901 728 mea
932 684 1030 728 dixi

261 745 360 786 544.
395 741 451 785 de
475 741 638 786 lancea
661 756 902 798 percussus
927 748 1027 787 554.

260 799 316 843 de
363 800 504 844 verbo
554 801 778 845 curabant
823 807 921 846 569.
972 828 1028 835 -

252 871 343 913 pro
375 872 467 903 aec.
499 861 650 904 obiect.
685 860 930 916 degustare
971 861 1028 905 de

258 917 385 973 ligno
426 923 524 962 329.
574 918 792 976 historia,
839 919 896 962 de
936 933 1030 974 qua

262 976 389 1019 docti
420 977 666 1021 revolvunt
689 983 789 1022 406.
824 978 940 1021 scire
971 979 1028 1022 de

263 1034 438 1079 divitiis
471 1036 527 1090 cf.
561 1037 685 1080 edere
715 1037 769 1080 de
802 1038 1029 1091 fructibus

257 1093 412 1138 Herm.
432 1093 558 1138 Past.
575 1099 679 1147 116,
694 1096 800 1140 7ed.
820 1095 1026 1153 Hilyenf.

228 1151 544 1196 declamare*
577 1157 646 1197 52.

228 1210 483 1255 decollare
515 1217 615 1258 222.
651 1217 750 1258 512.

228 1269 496 1324 degustare
549 1276 732 1327 qustare
777 1277 876 1316 319.
925 1277 1024 1318 329.

261 1328 364 1385 deg.
399 1329 455 1373 de
487 1329 615 1386 ligno
647 1331 772 1375 vitae
805 1336 905 1376 329.

228 1387 478 1445 deiectus,
525 1389 749 1434 humilem
797 1391 844 1433 et
888 1389 1026 1434 nimis

258 1446 490 1491 deiectum
521 1452 621 1494 332.

229 1505 528 1551 denuntiare
569 1508 787 1551 ‘nuntiare
824 1513 924 1551 331.
966 1509 1023 1562 cf.

250 1566 402 1620 praef.
437 1566 498 1609 ad
527 1579 565 1611 v.
601 1569 706 1610 635.

228 1623 463 1667 deorsum
497 1628 625 1668 1050.

228 1681 461 1737 deperire
486 1683 641 1738 perire
665 1686 764 1728 684.
797 1683 854 1738 cf.
878 1684 1025 1739 praef.

259 1741 322 1783 ad
351 1755 390 1783 v.
425 1745 529 1785 635.

228 1799 497 1856 deponere,
525 1813 692 1855 powere
715 1805 814 1844 334.
843 1826 897 1832 —-
923 1801 1026 1856 dep.

256 1859 453 1913 (tollere)
483 1859 699 1903 civitates
733 1865 831 1903 968.

229 1916 496 1972 deportare
530 1923 599 1962 63.

231 1975 521 2033 deprecari,
577 1977 850 2033 deprecatus
898 1990 1023 2033 pass.

229 2092 516 2149 depretiare
548 2096 668 2150 alqm
697 2096 750 2138 in
773 2096 890 2151 αἱροῖ.
919 2100 1025 2139 196:

258 2152 382 2196 Deus
397 2153 447 2196 in
469 2153 705 2197 hominem
723 2153 1025 2210 depretiatur.

230 2210 528 2267 derumpere
552 2226 773 2269 rumpere,
798 2214 854 2268 cf.
872 2213 1025 2268 praef.

231 2306 480 2388 desinere,
505 2331 577 2385 pf.
612 2330 815 2374 desinuit
844 2335 944 2374 201.

231 2387 518 2446 destruere,
551 2391 749 2433 mortem
783 2394 880 2433 769.

231 2445 462 2491 desubito
495 2452 594 2491 249.

231 2503 523 2605 dgtergere·
507 2536 523 2560 ,
547 2506 836 2551 inventiones
853 2505 1030 2550 diaboli

232 2622 475 2667 detestari
509 2629 606 2667 724.

232 2679 547 2727 detestabilis
580 2687 680 2726 993.

232 2738 467 2784 devenire
497 2742 648 2784 venire
680 2746 778 2784 243.

232 2796 457 2843 devitare
490 2801 633 2843 vitare
665 2805 763 2844 989.

1076 566 1293 624 dictusss,
1325 568 1356 622 i,
1381 581 1471 623 poc
1503 568 1677 612 dictum
1709 572 1781 623 81,
1813 568 1870 622 cf.

1104 640 1199 671 var.
1234 628 1327 672 lect.

1075 684 1182 729 dies
1212 699 1346 730 masc.
1373 690 1472 730 545.
1506 690 1605 730 854.
1640 690 1740 730 987.
1770 686 1869 740 fem.

1105 748 1201 788 555.
1238 749 1335 789 635.
1370 749 1468 788 872.

1075 802 1180 846 dies
1212 803 1456 847 Dominica
1487 806 1584 847 555.

1074 861 1256 915 dignus
1294 875 1329 906 c.
1368 876 1465 918 qen.
1500 867 1606 906 664:
1647 861 1727 917 qui
1766 863 1872 905 sunt

1103 919 1191 963 Dei
1215 920 1348 976 digni
1369 921 1623 973 caelorum3
1648 921 1744 963 sed:
1770 920 1872 974 quis

1102 978 1200 1022 Deo
1233 978 1398 1035 dignus
1431 984 1500 1023 88

1074 1036 1322 1081 diluvium
1354 1042 1560 1081 44.162.

1075 1095 1338 1140 dinoscere
1371 1100 1440 1141 65.
1475 1101 1545 1140 99.
1582 1100 1677 1139 113.
1712 1099 1812 1139 244.

1074 1155 1364 1199 discendere
1418 1156 1467 1199 in
1516 1154 1738 1211 sanguine
1789 1153 1871 1197 ali-

1103 1214 1231 1257 cuius
1264 1219 1363 1258 749.

1073 1272 1344 1328 disciplina
1376 1272 1589 1316 caelestis
1622 1277 1720 1316 220.

1073 1331 1359 1376 discredere
1376 1335 1474 1375 557.
1486 1331 1541 1386 cf.
1555 1331 1699 1375 Instr.
1717 1335 1759 1383 1,
1776 1334 1818 1383 1,
1828 1333 1869 1374 3.

1101 1394 1181 1444 23,
1212 1394 1282 1434 10.
1318 1395 1397 1443 25,
1430 1394 1488 1434 17
1520 1394 1596 1432 etc.

1073 1448 1404 1507 distinguere,
1430 1448 1544 1492 duos
1569 1448 1765 1505 populos
1783 1461 1806 1491 e
1825 1461 1871 1491 se

1102 1507 1379 1551 distinxerat
1409 1508 1622 1551 Rebecca
1655 1512 1751 1551 189.

1073 1566 1308 1610 diurnum
1340 1568 1441 1611 adv.
1474 1570 1574 1610 594.
1609 1571 1708 1609 604.

1074 1625 1252 1669 docere
1275 1626 1394 1680 alqm
1411 1626 1529 1680 alqd.
1549 1630 1617 1668 38.
1640 1650 1691 1656 -—
1712 1622 1874 1668 docuit

1102 1682 1196 1726 illis
1229 1683 1379 1726 multa
1403 1688 1502 1727 567.
1536 1683 1579 1725 d.
1605 1683 1661 1726 de
1688 1682 1870 1726 Christo

1075 1801 1358 1845 dominator
1390 1805 1487 1844 257.

1074 1860 1367 1904 Dominicus
1400 1864 1500 1903 555.

1073 1918 1260 1962 donare
1301 1919 1410 1962 dare
1443 1922 1549 1962 905·
1591 1930 1702 1973 quos
1741 1916 1871 1960 volu-

1102 1977 1254 2020 cribus
1287 1977 1431 2020 donat
1460 1977 1510 2019 in
1542 1990 1708 2019 escam.

1071 2035 1306 2093 ducatus,
1362 2035 1580 2078 ducatum
1634 2036 1871 2090 praestare

1101 2064 1306 2150 ὁδηγεῖν
1325 2099 1425 2139 963.
1457 2095 1514 2146 cf.
1541 2095 1605 2138 It.
1631 2107 1682 2148 p.
1717 2098 1776 2137 89
1809 2107 1871 2149 sq.

1074 2154 1190 2197 dum
1219 2154 1436 2197 wdhrend
1466 2167 1500 2197 c.
1535 2153 1651 2196 coni.
1685 2157 1798 2197 262.

1075 2213 1260 2256 durare
1285 2226 1318 2256 c.
1345 2213 1430 2266 i‘nf.
1452 2217 1557 2255 748:
1585 2225 1676 2255 non
1703 2211 1872 2255 durant

1102 2271 1220 2315 talia
1242 2271 1376 2314 ferre.
1403 2296 1458 2302 —
1485 2283 1562 2313 cor
1586 2270 1750 2311 durare
1770 2272 1869 2312 395.

1075 2388 1268 2431 edictus
1280 2399 1430 2438 masc„
1440 2398 1530 2441 pro
1548 2384 1751 2429 edictum
1770 2389 1869 2428 458.

1074 2446 1282 2489 edocere
1314 2445 1432 2500 alqm
1465 2447 1532 2487 58.

1075 2503 1317 2560 effodere,
1373 2517 1536 2546 manus
1584 2516 1710 2547 meas
1763 2502 1871 2546 effo-

1105 2563 1272 2606 derunt
1305 2567 1404 2605 270.

1076 2621 1403 2676 emplastrum
1456 2625 1564 2663 235:
1620 2619 1870 2675 emplastro

1104 2679 1296 2724 curavit.

1076 2738 1239 2782 eicere
1271 2739 1485 2781 deducere
1520 2742 1616 2780 192.

1075 2809 1206 2854 esca,
1237 2796 1286 2839 111
1317 2810 1471 2840 escam
1501 2796 1671 2840 donare
1705 2799 1803 2839 905.
