<?xml version="1.0" encoding="UTF-8"?>
<!DOCTYPE html PUBLIC "-//W3C//DTD XHTML 1.0 Transitional//EN"
    "http://www.w3.org/TR/xhtml1/DTD/xhtml1-transitional.dtd">
<html xmlns="http://www.w3.org/1999/xhtml" xml:lang="en" lang="en">
 <head>
  <title>
</title>
<meta http-equiv="Content-Type" content="text/html;charset=utf-8" />
  <meta name='ocr-system' content='tesseract 3.04.00' />
  <meta name='ocr-capabilities' content='ocr_page ocr_carea ocr_par ocr_line ocrx_word'/>
</head>
<body>
  <div class='ocr_page' id='page_1' title='image "./carminaernst00commuoft_0073.png"; bbox 0 0 2020 3192; ppageno 0'>
   <div class='ocr_carea' id='block_1_1' title="bbox 593 230 1800 286">
    <p class='ocr_par' dir='ltr' id='par_1_1' title="bbox 593 230 1800 286">
     <span class='ocr_line' id='line_1_1' title="bbox 593 230 1800 286; baseline 0.007 -9"><span class='ocrx_word' id='word_1_1' title='bbox 593 230 847 278; x_wconf 75' lang='lat' dir='ltr'>CARMEN</span> <span class='ocrx_word' id='word_1_2' title='bbox 882 231 1373 278; x_wconf 83' lang='lat' dir='ltr'><strong>APOLOGETICVM.</strong></span> <span class='ocrx_word' id='word_1_3' title='bbox 1730 233 1800 286; x_wconf 80' lang='lat'>25</span> 
     </span>
    </p>
   </div>
   <div class='ocr_carea' id='block_1_2' title="bbox 0 353 1811 2925">
    <p class='ocr_par' dir='ltr' id='par_1_2' title="bbox 159 353 1501 422">
     <span class='ocr_line' id='line_1_2' title="bbox 159 353 1501 422; baseline -0.001 -16"><span class='ocrx_word' id='word_1_4' title='bbox 159 353 236 406; x_wconf 91' lang='lat' dir='ltr'>Et</span> <span class='ocrx_word' id='word_1_5' title='bbox 274 354 377 406; x_wconf 89' lang='lat' dir='ltr'>erit</span> <span class='ocrx_word' id='word_1_6' title='bbox 416 353 630 406; x_wconf 90' lang='lat' dir='ltr'>initium</span> <span class='ocrx_word' id='word_1_7' title='bbox 670 353 901 422; x_wconf 89' lang='lat' dir='ltr'>septima</span> <span class='ocrx_word' id='word_1_8' title='bbox 940 353 1242 422; x_wconf 89' lang='lat' dir='ltr'>persecutio</span> <span class='ocrx_word' id='word_1_9' title='bbox 1280 356 1501 405; x_wconf 84' lang='lat' dir='ltr'>nostra:</span> 
     </span>
    </p>

    <p class='ocr_par' dir='ltr' id='par_1_3' title="bbox 159 426 1448 495">
     <span class='ocr_line' id='line_1_3' title="bbox 159 426 1448 495; baseline -0.002 -15"><span class='ocrx_word' id='word_1_10' title='bbox 159 426 301 480; x_wconf 87' lang='lat' dir='ltr'>Ecce</span> <span class='ocrx_word' id='word_1_11' title='bbox 340 428 449 480; x_wconf 90' lang='lat' dir='ltr'>iam</span> <span class='ocrx_word' id='word_1_12' title='bbox 487 427 706 479; x_wconf 86' lang='lat' dir='ltr'>ianuam</span> <span class='ocrx_word' id='word_1_13' title='bbox 745 427 928 495; x_wconf 89' lang='lat' dir='ltr'>pulsat</span> <span class='ocrx_word' id='word_1_14' title='bbox 968 429 1022 479; x_wconf 89' lang='lat' dir='ltr'>et</span> <span class='ocrx_word' id='word_1_15' title='bbox 1060 426 1270 495; x_wconf 85' lang='lat' dir='ltr'>cogitur</span> <span class='ocrx_word' id='word_1_16' title='bbox 1309 444 1448 495; x_wconf 83' lang='lat' dir='ltr'>ense,</span> 
     </span>
    </p>

    <p class='ocr_par' dir='ltr' id='par_1_4' title="bbox 159 499 1684 643">
     <span class='ocr_line' id='line_1_4' title="bbox 162 499 1684 568; baseline -0.001 -15"><span class='ocrx_word' id='word_1_17' title='bbox 162 500 310 562; x_wconf 81' lang='lat' dir='ltr'>Quae</span> <span class='ocrx_word' id='word_1_18' title='bbox 349 501 456 554; x_wconf 91' lang='lat' dir='ltr'>cito</span> <span class='ocrx_word' id='word_1_19' title='bbox 494 500 710 553; x_wconf 89' lang='lat' dir='ltr'>traiciet</span> <span class='ocrx_word' id='word_1_20' title='bbox 749 499 944 553; x_wconf 85' lang='lat' dir='ltr'>Gothis</span> <span class='ocrx_word' id='word_1_21' title='bbox 982 499 1413 568; x_wconf 88' lang='lat' dir='ltr'>inrumpentibus</span> <span class='ocrx_word' id='word_1_22' title='bbox 1455 518 1684 552; x_wconf 89' lang='lat' dir='ltr'>amnem.</span> 
     </span>
     <span class='ocr_line' id='line_1_5' title="bbox 159 572 1479 643; baseline -0.002 -17"><span class='ocrx_word' id='word_1_23' title='bbox 159 572 278 626; x_wconf 82' lang='lat' dir='ltr'>Rex</span> <span class='ocrx_word' id='word_1_24' title='bbox 315 573 556 643; x_wconf 89' lang='lat' dir='ltr'>Apolion</span> <span class='ocrx_word' id='word_1_25' title='bbox 594 574 696 625; x_wconf 89' lang='lat' dir='ltr'>erit</span> <span class='ocrx_word' id='word_1_26' title='bbox 734 592 854 625; x_wconf 93' lang='lat' dir='ltr'>cum</span> <span class='ocrx_word' id='word_1_27' title='bbox 891 573 1023 639; x_wconf 90' lang='lat' dir='ltr'>ipsis</span> <span class='ocrx_word' id='word_1_28' title='bbox 1060 573 1276 625; x_wconf 89' lang='lat' dir='ltr'>nomine</span> <span class='ocrx_word' id='word_1_29' title='bbox 1316 573 1479 642; x_wconf 80' lang='lat' dir='ltr'>dirus,</span> 
     </span>
    </p>

    <p class='ocr_par' dir='ltr' id='par_1_5' title="bbox 71 646 1657 862">
     <span class='ocr_line' id='line_1_6' title="bbox 71 646 1657 715; baseline 0 -15"><span class='ocrx_word' id='word_1_30' title='bbox 71 661 136 693; x_wconf 81' lang='lat'>805</span> <span class='ocrx_word' id='word_1_31' title='bbox 162 646 264 709; x_wconf 83' lang='lat' dir='ltr'>Qui</span> <span class='ocrx_word' id='word_1_32' title='bbox 305 647 732 715; x_wconf 78' lang='lat' dir='ltr'>persecutionem</span> <span class='ocrx_word' id='word_1_33' title='bbox 771 646 999 714; x_wconf 88' lang='lat' dir='ltr'>dissipet</span> <span class='ocrx_word' id='word_1_34' title='bbox 1038 648 1348 700; x_wconf 83' lang='lat' dir='ltr'>sanctorum</span> <span class='ocrx_word' id='word_1_35' title='bbox 1386 646 1443 698; x_wconf 90' lang='lat' dir='ltr'>in</span> <span class='ocrx_word' id='word_1_36' title='bbox 1480 647 1657 700; x_wconf 71' lang='lat' dir='ltr'>armis</span> 
     </span>
     <span class='ocr_line' id='line_1_7' title="bbox 159 713 1509 790; baseline -0.001 -18"><span class='ocrx_word' id='word_1_37' title='bbox 159 720 349 790; x_wconf 86' lang='lat' dir='ltr'>Pergit</span> <span class='ocrx_word' id='word_1_38' title='bbox 388 720 457 772; x_wconf 90' lang='lat' dir='ltr'>ad</span> <span class='ocrx_word' id='word_1_39' title='bbox 493 719 726 773; x_wconf 86' lang='lat' dir='ltr'><strong>Romam</strong></span> <span class='ocrx_word' id='word_1_40' title='bbox 766 737 887 772; x_wconf 93' lang='lat' dir='ltr'>cum</span> <span class='ocrx_word' id='word_1_41' title='bbox 924 713 1097 771; x_wconf 84' lang='lat' dir='ltr'>multa</span> <span class='ocrx_word' id='word_1_42' title='bbox 1134 719 1283 771; x_wconf 91' lang='lat' dir='ltr'>milia</span> <span class='ocrx_word' id='word_1_43' title='bbox 1323 722 1509 789; x_wconf 84' lang='lat' dir='ltr'>gentes</span> 
     </span>
     <span class='ocr_line' id='line_1_8' title="bbox 158 792 1518 862; baseline -0.001 -16"><span class='ocrx_word' id='word_1_44' title='bbox 158 794 497 862; x_wconf 90' lang='lat' dir='ltr'>Decretoque</span> <span class='ocrx_word' id='word_1_45' title='bbox 535 792 639 845; x_wconf 92' lang='lat' dir='ltr'>Dei</span> <span class='ocrx_word' id='word_1_46' title='bbox 678 792 916 862; x_wconf 87' lang='lat' dir='ltr'>captivat</span> <span class='ocrx_word' id='word_1_47' title='bbox 955 811 1019 845; x_wconf 87' lang='lat' dir='ltr'>ex</span> <span class='ocrx_word' id='word_1_48' title='bbox 1056 795 1210 862; x_wconf 89' lang='lat' dir='ltr'>parte</span> <span class='ocrx_word' id='word_1_49' title='bbox 1251 793 1518 846; x_wconf 74' lang='lat' dir='ltr'>subactos,</span> 
     </span>
    </p>

    <p class='ocr_par' dir='ltr' id='par_1_6' title="bbox 158 866 1697 1008">
     <span class='ocr_line' id='line_1_9' title="bbox 158 866 1572 934; baseline 0 -15"><span class='ocrx_word' id='word_1_50' title='bbox 158 866 320 919; x_wconf 92' lang='lat' dir='ltr'>Multi</span> <span class='ocrx_word' id='word_1_51' title='bbox 360 869 671 919; x_wconf 89' lang='lat' dir='ltr'>senatorum</span> <span class='ocrx_word' id='word_1_52' title='bbox 708 869 838 920; x_wconf 92' lang='lat' dir='ltr'>tunc</span> <span class='ocrx_word' id='word_1_53' title='bbox 879 867 1023 918; x_wconf 90' lang='lat' dir='ltr'>enim</span> <span class='ocrx_word' id='word_1_54' title='bbox 1063 866 1262 934; x_wconf 88' lang='lat' dir='ltr'>captivi</span> <span class='ocrx_word' id='word_1_55' title='bbox 1301 866 1572 919; x_wconf 88' lang='lat' dir='ltr'>deflebunt</span> 
     </span>
     <span class='ocr_line' id='line_1_10' title="bbox 159 939 1697 1008; baseline 0 -16"><span class='ocrx_word' id='word_1_56' title='bbox 159 940 235 992; x_wconf 88' lang='lat' dir='ltr'>Et</span> <span class='ocrx_word' id='word_1_57' title='bbox 273 940 449 993; x_wconf 91' lang='lat' dir='ltr'>Deum</span> <span class='ocrx_word' id='word_1_58' title='bbox 489 941 758 992; x_wconf 90' lang='lat' dir='ltr'>caelorum</span> <span class='ocrx_word' id='word_1_59' title='bbox 796 939 1176 1008; x_wconf 72' lang='lat' dir='ltr'>blasphemant</span> <span class='ocrx_word' id='word_1_60' title='bbox 1215 958 1247 992; x_wconf 93' lang='lat' dir='ltr'>a</span> <span class='ocrx_word' id='word_1_61' title='bbox 1284 940 1515 993; x_wconf 87' lang='lat' dir='ltr'>barbaro</span> <span class='ocrx_word' id='word_1_62' title='bbox 1555 940 1697 994; x_wconf 83' lang='lat' dir='ltr'>victi.</span> 
     </span>
    </p>

    <p class='ocr_par' dir='ltr' id='par_1_7' title="bbox 71 1011 1753 1375">
     <span class='ocr_line' id='line_1_11' title="bbox 71 1011 1625 1083; baseline 0 -17"><span class='ocrx_word' id='word_1_63' title='bbox 71 1029 138 1060; x_wconf 85' lang='grc'>810</span> <span class='ocrx_word' id='word_1_64' title='bbox 161 1013 237 1066; x_wconf 91' lang='grc' dir='ltr'>Η1</span> <span class='ocrx_word' id='word_1_65' title='bbox 275 1017 459 1066; x_wconf 89' lang='lat' dir='ltr'>tamen</span> <span class='ocrx_word' id='word_1_66' title='bbox 498 1014 729 1083; x_wconf 85' lang='lat' dir='ltr'>gentiles</span> <span class='ocrx_word' id='word_1_67' title='bbox 767 1016 998 1082; x_wconf 83' lang='lat' dir='ltr'>pascunt</span> <span class='ocrx_word' id='word_1_68' title='bbox 1036 1011 1372 1066; x_wconf 75' lang='lat' dir='ltr'><strong>Christianos</strong></span> <span class='ocrx_word' id='word_1_69' title='bbox 1412 1014 1625 1083; x_wconf 80' lang='lat' dir='ltr'>ubique,</span> 
     </span>
     <span class='ocr_line' id='line_1_12' title="bbox 163 1086 1611 1156; baseline -0.001 -16"><span class='ocrx_word' id='word_1_70' title='bbox 163 1086 308 1149; x_wconf 84' lang='lat' dir='ltr'>Quos</span> <span class='ocrx_word' id='word_1_71' title='bbox 349 1087 524 1156; x_wconf 84' lang='lat' dir='ltr'>magis</span> <span class='ocrx_word' id='word_1_72' title='bbox 562 1090 623 1139; x_wconf 94' lang='lat' dir='ltr'>ut</span> <span class='ocrx_word' id='word_1_73' title='bbox 659 1087 856 1140; x_wconf 88' lang='lat' dir='ltr'>fratres</span> <span class='ocrx_word' id='word_1_74' title='bbox 895 1087 1175 1156; x_wconf 90' lang='lat' dir='ltr'>requirunt</span> <span class='ocrx_word' id='word_1_75' title='bbox 1213 1087 1408 1156; x_wconf 83' lang='lat' dir='ltr'>gaudio</span> <span class='ocrx_word' id='word_1_76' title='bbox 1447 1087 1611 1156; x_wconf 87' lang='lat' dir='ltr'>pleni,</span> 
     </span>
     <span class='ocr_line' id='line_1_13' title="bbox 163 1159 1423 1222; baseline 0 -9"><span class='ocrx_word' id='word_1_77' title='bbox 163 1159 336 1222; x_wconf 86' lang='lat' dir='ltr'>Quam</span> <span class='ocrx_word' id='word_1_78' title='bbox 374 1161 676 1213; x_wconf 86' lang='lat' dir='ltr'>luxuriosos</span> <span class='ocrx_word' id='word_1_79' title='bbox 716 1164 771 1213; x_wconf 91' lang='lat' dir='ltr'>et</span> <span class='ocrx_word' id='word_1_80' title='bbox 808 1161 953 1213; x_wconf 90' lang='lat' dir='ltr'>idola</span> <span class='ocrx_word' id='word_1_81' title='bbox 990 1178 1130 1212; x_wconf 86' lang='lat' dir='ltr'>vana</span> <span class='ocrx_word' id='word_1_82' title='bbox 1169 1161 1423 1213; x_wconf 77' lang='lat' dir='ltr'>colentes,</span> 
     </span>
     <span class='ocr_line' id='line_1_14' title="bbox 160 1233 1708 1304; baseline -0.001 -18"><span class='ocrx_word' id='word_1_83' title='bbox 160 1233 562 1304; x_wconf 90' lang='lat' dir='ltr'>Persequuntur</span> <span class='ocrx_word' id='word_1_84' title='bbox 601 1234 746 1285; x_wconf 90' lang='lat' dir='ltr'>enim</span> <span class='ocrx_word' id='word_1_85' title='bbox 785 1236 839 1285; x_wconf 92' lang='lat' dir='ltr'>et</span> <span class='ocrx_word' id='word_1_86' title='bbox 878 1236 1125 1286; x_wconf 89' lang='lat' dir='ltr'>senatum</span> <span class='ocrx_word' id='word_1_87' title='bbox 1165 1234 1263 1285; x_wconf 90' lang='lat' dir='ltr'>sub</span> <span class='ocrx_word' id='word_1_88' title='bbox 1302 1233 1431 1302; x_wconf 84' lang='lat' dir='ltr'>iugo</span> <span class='ocrx_word' id='word_1_89' title='bbox 1471 1234 1708 1286; x_wconf 86' lang='lat' dir='ltr'>mittunt.</span> 
     </span>
     <span class='ocr_line' id='line_1_15' title="bbox 160 1306 1753 1375; baseline -0.001 -15"><span class='ocrx_word' id='word_1_90' title='bbox 160 1307 312 1360; x_wconf 91' lang='lat' dir='ltr'>Haec</span> <span class='ocrx_word' id='word_1_91' title='bbox 349 1308 494 1360; x_wconf 89' lang='lat' dir='ltr'>mala</span> <span class='ocrx_word' id='word_1_92' title='bbox 531 1307 860 1375; x_wconf 87' lang='lat' dir='ltr'>percipiunt,</span> <span class='ocrx_word' id='word_1_93' title='bbox 901 1306 992 1374; x_wconf 92' lang='lat' dir='ltr'>qui</span> <span class='ocrx_word' id='word_1_94' title='bbox 1034 1309 1161 1359; x_wconf 90' lang='lat' dir='ltr'>sunt</span> <span class='ocrx_word' id='word_1_95' title='bbox 1197 1307 1466 1375; x_wconf 72' lang='lat' dir='ltr'>persecuti</span> <span class='ocrx_word' id='word_1_96' title='bbox 1506 1307 1753 1360; x_wconf 86' lang='lat' dir='ltr'>dilectos:</span> 
     </span>
    </p>

    <p class='ocr_par' dir='ltr' id='par_1_8' title="bbox 73 1380 1668 1449">
     <span class='ocr_line' id='line_1_16' title="bbox 73 1380 1668 1449; baseline 0 -16"><span class='ocrx_word' id='word_1_97' title='bbox 73 1395 140 1427; x_wconf 86' lang='lat'>815</span> <span class='ocrx_word' id='word_1_98' title='bbox 163 1380 442 1433; x_wconf 85' lang='lat' dir='ltr'>Mensibus</span> <span class='ocrx_word' id='word_1_99' title='bbox 482 1380 541 1432; x_wconf 93' lang='lat' dir='ltr'>in</span> <span class='ocrx_word' id='word_1_100' title='bbox 579 1380 815 1449; x_wconf 92' lang='lat' dir='ltr'>quinque</span> <span class='ocrx_word' id='word_1_101' title='bbox 853 1380 1190 1433; x_wconf 74' lang='lat' dir='ltr'>trucidantur</span> <span class='ocrx_word' id='word_1_102' title='bbox 1227 1380 1320 1432; x_wconf 89' lang='lat' dir='ltr'>isti</span> <span class='ocrx_word' id='word_1_103' title='bbox 1360 1380 1458 1432; x_wconf 88' lang='lat' dir='ltr'>sub</span> <span class='ocrx_word' id='word_1_104' title='bbox 1498 1381 1668 1433; x_wconf 90' lang='lat' dir='ltr'>hoste.</span> 
     </span>
    </p>

    <p class='ocr_par' dir='ltr' id='par_1_9' title="bbox 161 1451 1589 1741">
     <span class='ocr_line' id='line_1_17' title="bbox 274 1451 1589 1522; baseline 0 -16"><span class='ocrx_word' id='word_1_105' title='bbox 274 1453 538 1522; x_wconf 84' lang='lat' dir='ltr'>Exsurgit</span> <span class='ocrx_word' id='word_1_106' title='bbox 574 1453 780 1506; x_wconf 87' lang='lat' dir='ltr'>interea</span> <span class='ocrx_word' id='word_1_107' title='bbox 820 1453 920 1505; x_wconf 89' lang='lat' dir='ltr'>sub</span> <span class='ocrx_word' id='word_1_108' title='bbox 959 1453 1077 1521; x_wconf 92' lang='lat' dir='ltr'>ipso</span> <span class='ocrx_word' id='word_1_109' title='bbox 1116 1451 1356 1522; x_wconf 88' lang='lat' dir='ltr'>tempore</span> <span class='ocrx_word' id='word_1_110' title='bbox 1397 1451 1589 1522; x_wconf 82' lang='lat' dir='ltr'>Cyrus,</span> 
     </span>
     <span class='ocr_line' id='line_1_18' title="bbox 165 1526 1523 1589; baseline -0.001 -10"><span class='ocrx_word' id='word_1_111' title='bbox 165 1527 269 1589; x_wconf 85' lang='lat' dir='ltr'>Qui</span> <span class='ocrx_word' id='word_1_112' title='bbox 307 1530 509 1579; x_wconf 91' lang='lat' dir='ltr'>terreat</span> <span class='ocrx_word' id='word_1_113' title='bbox 545 1527 731 1579; x_wconf 88' lang='lat' dir='ltr'>hostes</span> <span class='ocrx_word' id='word_1_114' title='bbox 772 1529 826 1579; x_wconf 92' lang='lat' dir='ltr'>et</span> <span class='ocrx_word' id='word_1_115' title='bbox 863 1526 1058 1579; x_wconf 88' lang='lat' dir='ltr'>liberet</span> <span class='ocrx_word' id='word_1_116' title='bbox 1095 1526 1222 1578; x_wconf 86' lang='grc'><strong>1-11116</strong></span> <span class='ocrx_word' id='word_1_117' title='bbox 1262 1529 1523 1579; x_wconf 90' lang='lat' dir='ltr'>senatum.</span> 
     </span>
     <span class='ocr_line' id='line_1_19' title="bbox 162 1599 1559 1669; baseline 0 -17"><span class='ocrx_word' id='word_1_118' title='bbox 162 1601 247 1652; x_wconf 86' lang='lat' dir='ltr'>Ex</span> <span class='ocrx_word' id='word_1_119' title='bbox 284 1600 459 1654; x_wconf 89' lang='lat' dir='ltr'>infero</span> <span class='ocrx_word' id='word_1_120' title='bbox 499 1600 661 1668; x_wconf 85' lang='lat' dir='ltr'>redit,</span> <span class='ocrx_word' id='word_1_121' title='bbox 703 1600 795 1669; x_wconf 90' lang='lat' dir='ltr'>qui</span> <span class='ocrx_word' id='word_1_122' title='bbox 833 1600 1009 1652; x_wconf 81' lang='lat' dir='ltr'>fuerat</span> <span class='ocrx_word' id='word_1_123' title='bbox 1046 1617 1215 1669; x_wconf 87' lang='lat' dir='ltr'>regno</span> <span class='ocrx_word' id='word_1_124' title='bbox 1255 1599 1559 1668; x_wconf 87' lang='lat' dir='ltr'>praefectus</span> 
     </span>
     <span class='ocr_line' id='line_1_20' title="bbox 161 1673 1559 1741; baseline 0.001 -16"><span class='ocrx_word' id='word_1_125' title='bbox 161 1674 238 1728; x_wconf 85' lang='lat' dir='ltr'>Et</span> <span class='ocrx_word' id='word_1_126' title='bbox 276 1674 367 1726; x_wconf 91' lang='lat' dir='ltr'>diu</span> <span class='ocrx_word' id='word_1_127' title='bbox 407 1676 648 1726; x_wconf 85' lang='lat' dir='ltr'>servatus</span> <span class='ocrx_word' id='word_1_128' title='bbox 688 1691 809 1724; x_wconf 92' lang='lat' dir='ltr'>cum</span> <span class='ocrx_word' id='word_1_129' title='bbox 846 1673 1080 1741; x_wconf 89' lang='lat' dir='ltr'>pristino</span> <span class='ocrx_word' id='word_1_130' title='bbox 1121 1691 1342 1741; x_wconf 89' lang='lat' dir='ltr'>corpore</span> <span class='ocrx_word' id='word_1_131' title='bbox 1380 1676 1559 1726; x_wconf 81' lang='lat' dir='ltr'>notuS.</span> 
     </span>
    </p>

    <p class='ocr_par' dir='ltr' id='par_1_10' title="bbox 31 1738 1635 1814">
     <span class='ocr_line' id='line_1_21' title="bbox 31 1738 1635 1814; baseline -0.001 -14"><span class='ocrx_word' id='word_1_132' title='bbox 31 1738 36 1793; x_wconf 76' lang='grc' dir='ltr'>ἶ</span> <span class='ocrx_word' id='word_1_133' title='bbox 73 1761 140 1793; x_wconf 85' lang='lat'>820</span> <span class='ocrx_word' id='word_1_134' title='bbox 163 1746 434 1800; x_wconf 89' lang='lat' dir='ltr'>Discimus</span> <span class='ocrx_word' id='word_1_135' title='bbox 473 1747 618 1799; x_wconf 93' lang='lat' dir='ltr'>hunc</span> <span class='ocrx_word' id='word_1_136' title='bbox 658 1749 839 1799; x_wconf 90' lang='lat' dir='ltr'>autem</span> <span class='ocrx_word' id='word_1_137' title='bbox 879 1745 1155 1799; x_wconf 89' lang='lat' dir='ltr'>Neronem</span> <span class='ocrx_word' id='word_1_138' title='bbox 1196 1765 1311 1798; x_wconf 89' lang='lat' dir='ltr'>esse</span> <span class='ocrx_word' id='word_1_139' title='bbox 1349 1749 1635 1814; x_wconf 83' lang='lat' dir='ltr'>vetustum,</span> 
     </span>
    </p>

    <p class='ocr_par' dir='ltr' id='par_1_11' title="bbox 23 1819 1620 1888">
     <span class='ocr_line' id='line_1_22' title="bbox 23 1819 1620 1888; baseline -0.001 -15"><span class='ocrx_word' id='word_1_140' title='bbox 23 1823 25 1826; x_wconf 78' lang='grc'><strong>’</strong></span> <span class='ocrx_word' id='word_1_141' title='bbox 166 1819 269 1883; x_wconf 88' lang='lat' dir='ltr'>Qui</span> <span class='ocrx_word' id='word_1_142' title='bbox 307 1820 531 1873; x_wconf 88' lang='lat' dir='ltr'>Petrum</span> <span class='ocrx_word' id='word_1_143' title='bbox 571 1823 625 1872; x_wconf 92' lang='lat' dir='ltr'>et</span> <span class='ocrx_word' id='word_1_144' title='bbox 662 1819 893 1873; x_wconf 85' lang='lat' dir='ltr'>Paulum</span> <span class='ocrx_word' id='word_1_145' title='bbox 932 1820 1080 1888; x_wconf 90' lang='lat' dir='ltr'>prius</span> <span class='ocrx_word' id='word_1_146' title='bbox 1119 1820 1332 1888; x_wconf 86' lang='lat' dir='ltr'>punivit</span> <span class='ocrx_word' id='word_1_147' title='bbox 1369 1820 1427 1871; x_wconf 93' lang='lat' dir='ltr'>in</span> <span class='ocrx_word' id='word_1_148' title='bbox 1466 1819 1620 1872; x_wconf 89' lang='lat' dir='ltr'>urbe:</span> 
     </span>
    </p>

    <p class='ocr_par' dir='ltr' id='par_1_12' title="bbox 162 1893 1382 1962">
     <span class='ocr_line' id='line_1_23' title="bbox 162 1893 1382 1962; baseline 0 -17"><span class='ocrx_word' id='word_1_149' title='bbox 162 1894 285 1962; x_wconf 89' lang='lat' dir='ltr'>Ipse</span> <span class='ocrx_word' id='word_1_150' title='bbox 324 1894 466 1946; x_wconf 88' lang='lat' dir='ltr'>redit</span> <span class='ocrx_word' id='word_1_151' title='bbox 503 1894 700 1946; x_wconf 90' lang='lat' dir='ltr'>iterum</span> <span class='ocrx_word' id='word_1_152' title='bbox 740 1894 839 1946; x_wconf 90' lang='lat' dir='ltr'>sub</span> <span class='ocrx_word' id='word_1_153' title='bbox 878 1894 997 1962; x_wconf 91' lang='lat' dir='ltr'>ipso</span> <span class='ocrx_word' id='word_1_154' title='bbox 1039 1894 1239 1946; x_wconf 88' lang='lat' dir='ltr'>saeculi</span> <span class='ocrx_word' id='word_1_155' title='bbox 1277 1893 1382 1945; x_wconf 91' lang='lat' dir='ltr'>fine</span> 
     </span>
    </p>

    <p class='ocr_par' dir='ltr' id='par_1_13' title="bbox 163 1966 1686 2035">
     <span class='ocr_line' id='line_1_24' title="bbox 163 1966 1686 2035; baseline 0.001 -16"><span class='ocrx_word' id='word_1_156' title='bbox 163 1967 247 2019; x_wconf 86' lang='lat' dir='ltr'>Ex</span> <span class='ocrx_word' id='word_1_157' title='bbox 285 1967 419 2027; x_wconf 88' lang='lat' dir='ltr'>locis</span> <span class='ocrx_word' id='word_1_158' title='bbox 467 1966 816 2035; x_wconf 82' lang='lat' dir='ltr'>apocryphis,</span> <span class='ocrx_word' id='word_1_159' title='bbox 855 1967 949 2035; x_wconf 91' lang='lat' dir='ltr'>qui</span> <span class='ocrx_word' id='word_1_160' title='bbox 986 1966 1092 2018; x_wconf 87' lang='lat' dir='ltr'>fuit</span> <span class='ocrx_word' id='word_1_161' title='bbox 1129 1969 1433 2019; x_wconf 88' lang='lat' dir='ltr'>reservatus</span> <span class='ocrx_word' id='word_1_162' title='bbox 1473 1967 1529 2018; x_wconf 92' lang='lat' dir='ltr'>in</span> <span class='ocrx_word' id='word_1_163' title='bbox 1566 1967 1686 2020; x_wconf 86' lang='lat' dir='ltr'>ista.</span> 
     </span>
    </p>

    <p class='ocr_par' dir='ltr' id='par_1_14' title="bbox 26 2039 1494 2108">
     <span class='ocr_line' id='line_1_25' title="bbox 26 2039 1494 2108; baseline -0.001 -16"><span class='ocrx_word' id='word_1_164' title='bbox 26 2101 30 2106; x_wconf 24' lang='lat'><strong>¹</strong></span> <span class='ocrx_word' id='word_1_165' title='bbox 164 2039 324 2092; x_wconf 90' lang='lat' dir='ltr'>Hunc</span> <span class='ocrx_word' id='word_1_166' title='bbox 363 2040 478 2108; x_wconf 89' lang='lat' dir='ltr'>ipse</span> <span class='ocrx_word' id='word_1_167' title='bbox 519 2043 739 2092; x_wconf 89' lang='lat' dir='ltr'>senatus</span> <span class='ocrx_word' id='word_1_168' title='bbox 778 2040 1014 2092; x_wconf 86' lang='lat' dir='ltr'>invisum</span> <span class='ocrx_word' id='word_1_169' title='bbox 1054 2058 1171 2092; x_wconf 89' lang='lat' dir='ltr'>esse</span> <span class='ocrx_word' id='word_1_170' title='bbox 1210 2040 1494 2107; x_wconf 81' lang='lat' dir='ltr'>mirantur3</span> 
     </span>
    </p>

    <p class='ocr_par' dir='ltr' id='par_1_15' title="bbox 17 2104 1720 2256">
     <span class='ocr_line' id='line_1_26' title="bbox 17 2104 1680 2182; baseline 0 -17"><span class='ocrx_word' id='word_1_171' title='bbox 17 2104 31 2153; x_wconf 62' lang='lat'>*3</span> <span class='ocrx_word' id='word_1_172' title='bbox 75 2127 142 2158; x_wconf 77' lang='lat'>825</span> <span class='ocrx_word' id='word_1_173' title='bbox 167 2112 271 2175; x_wconf 81' lang='lat' dir='ltr'>Qui</span> <span class='ocrx_word' id='word_1_174' title='bbox 310 2131 432 2165; x_wconf 91' lang='grc'><strong>611111</strong></span> <span class='ocrx_word' id='word_1_175' title='bbox 473 2113 805 2181; x_wconf 87' lang='lat' dir='ltr'>adparuerit,</span> <span class='ocrx_word' id='word_1_176' title='bbox 844 2114 999 2182; x_wconf 87' lang='lat' dir='ltr'>quasi</span> <span class='ocrx_word' id='word_1_177' title='bbox 1038 2112 1195 2165; x_wconf 87' lang='lat' dir='ltr'>deum</span> <span class='ocrx_word' id='word_1_178' title='bbox 1237 2131 1354 2166; x_wconf 86' lang='lat' dir='ltr'>esse</span> <span class='ocrx_word' id='word_1_179' title='bbox 1393 2113 1680 2182; x_wconf 88' lang='lat' dir='ltr'>putabunt.</span> 
     </span>
     <span class='ocr_line' id='line_1_27' title="bbox 279 2185 1720 2256; baseline -0.001 -17"><span class='ocrx_word' id='word_1_180' title='bbox 279 2185 383 2239; x_wconf 82' lang='lat' dir='ltr'>Sed</span> <span class='ocrx_word' id='word_1_181' title='bbox 420 2186 733 2256; x_wconf 88' lang='lat' dir='ltr'>priusquam</span> <span class='ocrx_word' id='word_1_182' title='bbox 772 2187 863 2238; x_wconf 89' lang='lat' dir='ltr'>ille</span> <span class='ocrx_word' id='word_1_183' title='bbox 903 2187 1111 2255; x_wconf 84' lang='lat' dir='ltr'>veniat,</span> <span class='ocrx_word' id='word_1_184' title='bbox 1149 2186 1496 2255; x_wconf 87' lang='lat' dir='ltr'>prophetabit</span> <span class='ocrx_word' id='word_1_185' title='bbox 1534 2185 1720 2238; x_wconf 88' lang='lat' dir='ltr'>Helias</span> 
     </span>
    </p>

    <p class='ocr_par' dir='ltr' id='par_1_16' title="bbox 167 2260 1456 2329">
     <span class='ocr_line' id='line_1_28' title="bbox 167 2260 1456 2329; baseline 0 -17"><span class='ocrx_word' id='word_1_186' title='bbox 167 2260 432 2328; x_wconf 87' lang='lat' dir='ltr'>Tempore</span> <span class='ocrx_word' id='word_1_187' title='bbox 471 2262 695 2329; x_wconf 84' lang='lat' dir='ltr'>partito,</span> <span class='ocrx_word' id='word_1_188' title='bbox 733 2260 911 2313; x_wconf 92' lang='lat' dir='ltr'>medio</span> <span class='ocrx_word' id='word_1_189' title='bbox 952 2260 1303 2312; x_wconf 84' lang='lat' dir='ltr'>hebdomadis</span> <span class='ocrx_word' id='word_1_190' title='bbox 1345 2277 1456 2312; x_wconf 87' lang='lat' dir='ltr'>axe.</span> 
     </span>
    </p>

    <p class='ocr_par' dir='ltr' id='par_1_17' title="bbox 167 2333 1391 2402">
     <span class='ocr_line' id='line_1_29' title="bbox 167 2333 1391 2402; baseline -0.001 -16"><span class='ocrx_word' id='word_1_191' title='bbox 167 2333 448 2402; x_wconf 88' lang='lat' dir='ltr'>Completo</span> <span class='ocrx_word' id='word_1_192' title='bbox 489 2334 664 2402; x_wconf 88' lang='lat' dir='ltr'>spatio</span> <span class='ocrx_word' id='word_1_193' title='bbox 706 2334 943 2386; x_wconf 90' lang='lat' dir='ltr'>succedit</span> <span class='ocrx_word' id='word_1_194' title='bbox 980 2334 1069 2385; x_wconf 89' lang='lat' dir='ltr'>ille</span> <span class='ocrx_word' id='word_1_195' title='bbox 1109 2334 1391 2401; x_wconf 81' lang='lat' dir='ltr'>nefanduS‚</span> 
     </span>
    </p>

    <p class='ocr_par' dir='ltr' id='par_1_18' title="bbox 168 2405 1760 2475">
     <span class='ocr_line' id='line_1_30' title="bbox 168 2405 1760 2475; baseline -0.001 -16"><span class='ocrx_word' id='word_1_196' title='bbox 168 2406 339 2468; x_wconf 83' lang='lat' dir='ltr'>Quem</span> <span class='ocrx_word' id='word_1_197' title='bbox 378 2410 432 2460; x_wconf 94' lang='lat' dir='ltr'>et</span> <span class='ocrx_word' id='word_1_198' title='bbox 469 2407 654 2460; x_wconf 91' lang='lat' dir='ltr'>Iudaei</span> <span class='ocrx_word' id='word_1_199' title='bbox 692 2411 823 2460; x_wconf 93' lang='lat' dir='ltr'>tunc</span> <span class='ocrx_word' id='word_1_200' title='bbox 863 2407 1023 2460; x_wconf 90' lang='lat' dir='ltr'>simul</span> <span class='ocrx_word' id='word_1_201' title='bbox 1062 2424 1182 2459; x_wconf 92' lang='lat' dir='ltr'>cum</span> <span class='ocrx_word' id='word_1_202' title='bbox 1220 2405 1477 2460; x_wconf 88' lang='lat' dir='ltr'>Romanis</span> <span class='ocrx_word' id='word_1_203' title='bbox 1518 2406 1760 2475; x_wconf 89' lang='lat' dir='ltr'>adorant,</span> 
     </span>
    </p>

    <p class='ocr_par' dir='ltr' id='par_1_19' title="bbox 10 2479 1774 2550">
     <span class='ocr_line' id='line_1_31' title="bbox 10 2479 1774 2550; baseline 0.004 -26"><span class='ocrx_word' id='word_1_204' title='bbox 10 2497 14 2544; x_wconf 56' lang='grc' dir='ltr'><strong>μ</strong></span> <span class='ocrx_word' id='word_1_205' title='bbox 77 2494 144 2526; x_wconf 79' lang='lat'>830</span> <span class='ocrx_word' id='word_1_206' title='bbox 169 2479 506 2550; x_wconf 81' lang='lat' dir='ltr'>Quamquam</span> <span class='ocrx_word' id='word_1_207' title='bbox 546 2481 648 2534; x_wconf 90' lang='lat' dir='ltr'>erit</span> <span class='ocrx_word' id='word_1_208' title='bbox 688 2481 850 2549; x_wconf 80' lang='lat' dir='ltr'>aliuS,</span> <span class='ocrx_word' id='word_1_209' title='bbox 889 2499 1048 2550; x_wconf 92' lang='lat' dir='ltr'>quem</span> <span class='ocrx_word' id='word_1_210' title='bbox 1089 2483 1403 2549; x_wconf 86' lang='lat' dir='ltr'>exspectant</span> <span class='ocrx_word' id='word_1_211' title='bbox 1440 2479 1507 2532; x_wconf 91' lang='lat' dir='ltr'>ab</span> <span class='ocrx_word' id='word_1_212' title='bbox 1548 2479 1774 2547; x_wconf 87' lang='lat' dir='ltr'>oriente3</span> 
     </span>
    </p>

    <p class='ocr_par' dir='ltr' id='par_1_20' title="bbox 166 2551 1756 2623">
     <span class='ocr_line' id='line_1_32' title="bbox 166 2551 1756 2623; baseline 0 -18"><span class='ocrx_word' id='word_1_213' title='bbox 166 2553 231 2606; x_wconf 93' lang='lat' dir='ltr'>In</span> <span class='ocrx_word' id='word_1_214' title='bbox 268 2557 456 2607; x_wconf 87' lang='lat' dir='ltr'>nostra</span> <span class='ocrx_word' id='word_1_215' title='bbox 495 2555 653 2607; x_wconf 91' lang='lat' dir='ltr'>caede</span> <span class='ocrx_word' id='word_1_216' title='bbox 691 2558 876 2606; x_wconf 91' lang='lat' dir='ltr'>tamen</span> <span class='ocrx_word' id='word_1_217' title='bbox 917 2555 1158 2607; x_wconf 87' lang='lat' dir='ltr'>saevient</span> <span class='ocrx_word' id='word_1_218' title='bbox 1196 2572 1317 2606; x_wconf 93' lang='lat' dir='ltr'>cum</span> <span class='ocrx_word' id='word_1_219' title='bbox 1355 2570 1480 2623; x_wconf 85' lang='lat' dir='ltr'>rege</span> <span class='ocrx_word' id='word_1_220' title='bbox 1519 2551 1756 2605; x_wconf 90' lang='lat' dir='ltr'>Nerone.</span> 
     </span>
    </p>

    <p class='ocr_par' dir='ltr' id='par_1_21' title="bbox 166 2626 1554 2697">
     <span class='ocr_line' id='line_1_33' title="bbox 166 2626 1554 2697; baseline 0 -18"><span class='ocrx_word' id='word_1_221' title='bbox 166 2626 315 2697; x_wconf 83' lang='lat' dir='ltr'>Ergo</span> <span class='ocrx_word' id='word_1_222' title='bbox 355 2646 476 2681; x_wconf 91' lang='lat' dir='ltr'>cum</span> <span class='ocrx_word' id='word_1_223' title='bbox 513 2627 702 2681; x_wconf 91' lang='lat' dir='ltr'>Helias</span> <span class='ocrx_word' id='word_1_224' title='bbox 740 2628 797 2680; x_wconf 90' lang='lat' dir='ltr'>in</span> <span class='ocrx_word' id='word_1_225' title='bbox 834 2627 1034 2680; x_wconf 90' lang='lat' dir='ltr'>Iudaea</span> <span class='ocrx_word' id='word_1_226' title='bbox 1070 2631 1214 2680; x_wconf 90' lang='lat' dir='ltr'>terra</span> <span class='ocrx_word' id='word_1_227' title='bbox 1250 2627 1554 2697; x_wconf 87' lang='lat' dir='ltr'>prophetat,</span> 
     </span>
    </p>

    <p class='ocr_par' dir='ltr' id='par_1_22' title="bbox 166 2698 1688 2771">
     <span class='ocr_line' id='line_1_34' title="bbox 166 2698 1688 2771; baseline 0 -19"><span class='ocrx_word' id='word_1_228' title='bbox 166 2699 241 2752; x_wconf 88' lang='lat' dir='ltr'>Et</span> <span class='ocrx_word' id='word_1_229' title='bbox 279 2701 461 2771; x_wconf 84' lang='lat' dir='ltr'>signat</span> <span class='ocrx_word' id='word_1_230' title='bbox 497 2701 774 2771; x_wconf 90' lang='lat' dir='ltr'>proprium</span> <span class='ocrx_word' id='word_1_231' title='bbox 811 2701 1071 2770; x_wconf 84' lang='lat' dir='ltr'>populum</span> <span class='ocrx_word' id='word_1_232' title='bbox 1109 2701 1168 2753; x_wconf 94' lang='lat' dir='ltr'>in</span> <span class='ocrx_word' id='word_1_233' title='bbox 1205 2701 1423 2753; x_wconf 89' lang='lat' dir='ltr'>nomine</span> <span class='ocrx_word' id='word_1_234' title='bbox 1463 2698 1688 2768; x_wconf 83' lang='lat' dir='ltr'>Christi3</span> 
     </span>
    </p>

    <p class='ocr_par' dir='ltr' id='par_1_23' title="bbox 0 2771 1811 2844">
     <span class='ocr_line' id='line_1_35' title="bbox 0 2771 1811 2844; baseline -0.003 -14"><span class='ocrx_word' id='word_1_235' title='bbox 0 2820 2 2830; x_wconf 76' lang='grc'>,</span> <span class='ocrx_word' id='word_1_236' title='bbox 167 2771 251 2825; x_wconf 91' lang='lat' dir='ltr'>De</span> <span class='ocrx_word' id='word_1_237' title='bbox 297 2774 489 2841; x_wconf 85' lang='lat' dir='ltr'>quibus</span> <span class='ocrx_word' id='word_1_238' title='bbox 537 2793 699 2844; x_wconf 88' lang='lat' dir='ltr'>quam</span> <span class='ocrx_word' id='word_1_239' title='bbox 744 2775 902 2827; x_wconf 87' lang='lat' dir='ltr'>multi</span> <span class='ocrx_word' id='word_1_240' title='bbox 942 2775 1196 2844; x_wconf 89' lang='lat' dir='ltr'>quoniam</span> <span class='ocrx_word' id='word_1_241' title='bbox 1240 2774 1321 2827; x_wconf 89' lang='lat' dir='ltr'>illi</span> <span class='ocrx_word' id='word_1_242' title='bbox 1360 2773 1570 2827; x_wconf 90' lang='lat' dir='ltr'>credere</span> <span class='ocrx_word' id='word_1_243' title='bbox 1608 2774 1811 2839; x_wconf 84' lang='lat' dir='ltr'>nolunt,</span> 
     </span>
    </p>

    <p class='ocr_par' dir='ltr' id='par_1_24' title="bbox 0 2841 1538 2925">
     <span class='ocr_line' id='line_1_36' title="bbox 0 2841 1538 2925; baseline 0.001 -27"><span class='ocrx_word' id='word_1_244' title='bbox 0 2841 8 2925; x_wconf 26' lang='lat' dir='ltr'>:J</span> <span class='ocrx_word' id='word_1_245' title='bbox 79 2859 143 2892; x_wconf 80' lang='grc'><strong>835</strong></span> <span class='ocrx_word' id='word_1_246' title='bbox 169 2844 447 2915; x_wconf 81' lang='lat' dir='ltr'>Supplicat</span> <span class='ocrx_word' id='word_1_247' title='bbox 483 2848 653 2901; x_wconf 86' lang='lat' dir='ltr'>iratus</span> <span class='ocrx_word' id='word_1_248' title='bbox 692 2847 1058 2917; x_wconf 84' lang='lat' dir='ltr'>Altissimum,</span> <span class='ocrx_word' id='word_1_249' title='bbox 1095 2866 1164 2899; x_wconf 95' lang='lat' dir='ltr'>ne</span> <span class='ocrx_word' id='word_1_250' title='bbox 1202 2848 1375 2917; x_wconf 80' lang='lat' dir='ltr'>pluat3</span> <span class='ocrx_word' id='word_1_251' title='bbox 1414 2847 1538 2899; x_wconf 81' lang='lat' dir='ltr'>inde&#39;</span> 
     </span>
    </p>
   </div>
   <div class='ocr_carea' id='block_1_3' title="bbox 23 1546 38 1613">
    <p class='ocr_par' dir='ltr' id='par_1_25' title="bbox 23 1546 38 1613">
     <span class='ocr_line' id='line_1_37' title="bbox 23 1546 38 1613; baseline 0 0"><span class='ocrx_word' id='word_1_252' title='bbox 23 1546 38 1613; x_wconf 66' lang='grc'>1·</span> 
     </span>
    </p>
   </div>
   <div class='ocr_carea' id='block_1_4' title="bbox 18 1931 32 2035">
    <p class='ocr_par' dir='ltr' id='par_1_26' title="bbox 18 1931 32 2035">
     <span class='ocr_line' id='line_1_38' title="bbox 18 1931 32 2035; baseline 0.214 -3"><span class='ocrx_word' id='word_1_253' title='bbox 18 1931 32 2035; x_wconf 66' lang='lat'>{2</span> 
     </span>
    </p>
   </div>
   <div class='ocr_carea' id='block_1_5' title="bbox 18 2035 31 2099">
    <p class='ocr_par' dir='ltr' id='par_1_27' title="bbox 18 2035 31 2099">
     <span class='ocr_line' id='line_1_39' title="bbox 18 2035 31 2099; baseline 0 0"><span class='ocrx_word' id='word_1_254' title='bbox 18 2035 31 2099; x_wconf 68' lang='lat'>11</span> 
     </span>
    </p>
   </div>
   <div class='ocr_carea' id='block_1_6' title="bbox 0 0 42 3192">
    <p class='ocr_par' dir='ltr' id='par_1_28' title="bbox 0 0 42 3192">
     <span class='ocr_line' id='line_1_40' title="bbox 0 0 42 3192; baseline 0 0"><span class='ocrx_word' id='word_1_255' title='bbox 0 0 42 3192; x_wconf 95' lang='lat' dir='ltr'>   </span> 
     </span>
    </p>
   </div>
  </div>
 </body>
</html>
