2020 3192
271 239 305 293 6
897 238 1290 285 COMMODIANI

268 360 335 413 In
374 360 570 413 scelere
609 358 786 426 coepit
821 358 1025 411 versari
1063 375 1196 428 gens
1239 358 1414 412 omnis
1453 358 1708 427 humana,

269 432 385 486 Nec
422 433 791 501 respicientes,
831 432 950 501 quis
990 434 1132 484 esset
1171 434 1380 485 creator
1419 449 1619 485 eorum.

272 506 425 570 Quod
461 505 608 559 Deus
647 506 885 559 excelsus
924 506 1142 576 indigne
1181 506 1428 574 pertulit3
1467 506 1617 558 illam

185 595 250 629 160
273 580 419 634 Icere
458 580 742 649 proposuit
778 580 1085 633 universam
1123 598 1292 648 paene
1332 581 1581 632 creatam.

270 655 485 708 Dicitur
524 658 577 707 615
614 654 812 724 legitur
850 653 968 707 Noe
1006 653 1265 706 liberatus
1306 654 1373 705 ab
1414 672 1569 723 aqua,

272 727 450 782 Ceteri
488 728 688 781 diluvio
727 729 1002 796 perierunt
1038 728 1119 780 ira
1157 727 1389 780 caelesti.

382 801 550 870 Η1116,
590 801 730 854 sicut
766 802 948 869 initio,
985 802 1246 870 paulatim
1283 804 1431 853 terra
1468 801 1716 869 repletur.

273 875 450 930 Cessit
485 875 636 944 prius
674 876 909 944 136111113,
950 875 1043 927 sed
1082 875 1251 926 altera
1289 875 1467 934 clades
1506 874 1745 928 accessit.

185 962 249 996 165
272 949 533 1019 Adgressi
572 952 697 1000 sunt
735 949 888 1000 stulti
925 948 1117 1000 turrim
1154 948 1420 1000 fabricare
1461 949 1559 1000 sub
1598 949 1775 1017 331113,

270 1023 348 1076 Ut
387 1022 540 1091 quasi
578 1040 673 1090 per
710 1022 861 1074 illam
900 1024 1125 1090 possent
1162 1021 1447 1074 ascendere
1488 1022 1679 1076 caelos.

274 1096 428 1159 Quod
464 1095 611 1148 Deus
649 1098 711 1148 ut
748 1095 883 1149 vidit
920 1096 1036 1148 fieri
1077 1096 1177 1148 sub
1215 1114 1325 1148 una
1362 1094 1595 1166 loquela,

270 1169 561 1223 Descendit
598 1172 654 1223 et
690 1169 818 1222 fecit
854 1170 1198 1238 loquerentur
1235 1170 1422 1239 lingua
1461 1170 1683 1223 diversa.

273 1244 419 1306 Quos
455 1243 581 1296 inde
621 1243 875 1312 dispersit
912 1261 1008 1312 per
1044 1243 1248 1295 insulas
1286 1246 1459 1296 terrae
1501 1245 1752 1313 361110103,

184 1332 250 1364 170
271 1317 350 1370 Ut
387 1318 579 1370 fierent
619 1320 807 1386 gentes
847 1317 996 1370 vario
1037 1334 1281 1370 sermone
1320 1318 1616 1386 loquentes

271 1391 432 1461 Tum,
471 1407 638 1460 genus
676 1391 928 1457 indocile,
969 1390 1138 1443 vitam
1177 1390 1407 1443 feritatis
1449 1392 1713 1460 agebant3

270 1464 445 1517 Nemo
485 1463 661 1516 Deum
701 1465 929 1534 sciebat,
968 1464 1277 1533 disputabat
1312 1482 1470 1517 nemo
1511 1464 1575 1516 de
1612 1464 1737 1517 vita.

270 1538 571 1607 Irrepserat
609 1539 865 1608 quoniam
902 1539 1125 1590 rudibus
1164 1538 1482 1591 temerarius
1520 1538 1612 1590 ille

270 1611 375 1664 Per
411 1612 601 1665 latices
640 1613 873 1679 animae,
914 1611 1229 1680 depravavit
1265 1614 1472 1664 mentes
1514 1612 1734 1664 acerbas

183 1698 247 1731 175
269 1685 651 1754 Persuasitque
692 1686 847 1739 dolos
886 1685 995 1738 illis
1033 1685 1285 1738 infandos
1327 1704 1522 1755 amare,

269 1758 467 1812 Vivere
505 1759 707 1827 rapinis
745 1760 803 1811 in
842 1759 1036 1829 gaudio
1079 1759 1337 1828 sanguine
1376 1758 1512 1811 fuso.

269 1830 426 1884 Hanc
474 1833 703 1901 gloriam
744 1833 894 1885 stulti
941 1835 1339 1902 prosequuntur
1375 1835 1620 1901 tempore
1657 1849 1839 1901 parm,

271 1905 418 1967 Quos
456 1906 608 1958 nulla
645 1908 803 1959 venia
840 1907 1060 1975 liberat,
1101 1924 1156 1959 se
1195 1906 1419 1959 dicendo
1458 1907 1722 1958 seductos.

272 1977 329 2031 Si
370 1980 557 2032 suadet
597 1980 828 2048 adulter,
867 1980 1025 2048 culpa
1063 1983 1146 2032 est
1182 1982 1277 2032 tua
1314 1979 1567 2048 prosequi
1605 1979 1791 2047 talem3

187 2066 251 2098 180
273 2050 400 2105 Non
431 2053 523 2105 ille
555 2056 609 2105 te
642 2053 886 2122 damnat,
919 2054 1011 2106 sed
1043 2056 1103 2106 tu
1133 2056 1229 2106 tua
1261 2055 1453 2121 sponte
1484 2056 1538 2105 156
1563 2052 1801 2105 damnas,

378 2126 649 2179 Errabant
685 2127 892 2180 inducti
930 2128 1127 2180 veteris
1166 2127 1379 2179 fallacia
1416 2127 1605 2194 1103113,

269 2198 438 2253 Obliti
475 2200 794 2269 Dominum,
834 2219 995 2270 opera
1033 2201 1272 2270 maligna
1309 2203 1610 2269 sequentes,

270 2272 447 2343 Quod,
487 2274 578 2326 diu
616 2292 684 2327 ne
723 2275 875 2327 fieret
912 2275 1179 2344 grassatio
1218 2276 1374 2326 tanta
1412 2272 1653 2339 131101113,

270 2346 533 2416 Tempore
572 2348 796 2417 partito,
835 2348 1120 2400 miseratus
1161 2350 1244 2400 est
1281 2346 1522 2414 tandem,
1562 2344 1761 2413 ablato,

181 2433 245 2465 185
271 2418 608 2488 Complacuit
643 2422 727 2473 illi
765 2421 1018 2489 conloqui
1057 2438 1178 2472 cum
1215 2426 1336 2472 uno'
1363 2419 1426 2470 de
1466 2418 1665 2485 multis,

267 2492 344 2545 Ut
382 2494 583 2547 faceret
619 2495 880 2563 populum
920 2494 984 2545 ad
1028 2512 1084 2546 se
1122 2491 1450 2545 transeundo
1491 2492 1760 2546 dilectum.

267 2565 353 2618 Ex
393 2585 455 2620 60
496 2570 788 2637 6061161111115
825 2585 991 2619 unum
1030 2567 1087 2618 in
1125 2566 1302 2620 Deum
1342 2583 1458 2618 esse
1497 2565 1710 2633 profani

266 2638 343 2692 Et
380 2640 493 2692 fieri
530 2642 764 2710 populus
805 2641 1094 2693 secundum
1131 2639 1234 2692 Dei
1273 2639 1496 2691 decreta.

267 2712 419 2765 Duos
459 2715 600 2766 enim
639 2715 867 2783 populos
907 2714 1222 2766 distinxerat
1259 2730 1323 2765 ex
1362 2730 1418 2764 se
1457 2711 1723 2764 Rebecca:

181 2800 247 2833 190
268 2784 375 2838 Hic
414 2787 560 2855 prior
599 2791 681 2840 est
717 2788 913 2856 factus3
954 2788 1109 2851 alter,
1148 2789 1210 2838 ut
1249 2785 1553 2839 succederet
1589 2784 1687 2838 illi.

268 2858 333 2911 In
371 2858 622 2929 Aegypto
662 2862 895 2929 primum
933 2861 1101 2913 Israel
1140 2860 1409 2913 concrevit
1447 2860 1708 2911 alumnus.
