2020 3192
747 253 1102 299 PRAEFATIO.
1402 273 1406 276 ·
1573 250 1746 295 XXVII

101 379 254 433 Neue
292 377 346 430 ΙΙ
385 396 435 446 p.
475 375 596 430 625.
644 405 717 414 —-
766 393 816 428 V.
854 373 977 428 526.
1007 391 1107 441 pro
1144 374 1252 427 illis
1288 374 1377 427 sed
1410 371 1483 441 R,
1518 389 1619 439 pro
1657 371 1746 423 illo

102 458 153 507 et
187 451 259 521 M,
288 467 388 520 pro
427 451 516 504 illo
538 451 627 503 sed
653 448 712 501 P.
755 479 819 486 -
861 449 997 501 venit
1024 448 1097 517 M,
1133 449 1302 500 venire
1331 446 1395 498 R.
1435 476 1505 484 ——-
1544 464 1594 498 V.
1625 444 1747 498 527.

96 526 348 595 populum
385 541 571 577 novum
594 523 652 592 P,
680 523 906 591 populus
941 538 1129 574 novum
1158 521 1231 573 M.
1275 550 1338 558 -
1383 539 1429 573 V.
1454 519 1576 572 528.
1599 520 1749 571 iuxta

95 599 391 668 prophetias
428 597 486 666 P,
524 598 674 649 iuxta
701 595 1025 663 propheticas
1062 593 1135 662 M,
1181 595 1423 661 iuxtaque
1451 592 1749 677 prophetias

105 673 170 726 R.
213 703 275 710 —-
317 690 366 724 V.
405 639 528 723 52⁷9.
566 686 698 722 nova
732 669 868 735 facio
907 667 967 738 L,
1005 685 1139 721 nova
1173 668 1310 734 facio
1349 668 1524 720 omnia
1564 665 1636 718 M.
1677 696 1747 702 —

106 766 154 799 V.
194 746 317 799 531.
344 743 578 812 profecta
615 742 681 811 P,
718 742 969 810 propheta
1006 741 1080 795 M.
1129 772 1196 780 —-
1244 760 1291 794 v.
1331 741 1454 793 532.
1501 741 1754 793 credimus

105 836 168 873 ex
205 819 334 872 dicto
372 817 444 887 R,
483 784 733 870 credimus
770 817 899 869 dicto
937 815 1010 869 M.
1055 846 1129 853 —
1174 834 1223 868 V.
1262 814 1386 868 536.
1424 815 1565 868 data
1589 814 1668 866 lex
1706 811 1749 864 P

105 894 164 945 in
204 910 333 960 exc.,
374 892 453 944 lex
492 891 642 943 omis,
681 889 753 942 M.
792 920 865 927 —
903 909 952 942 V.
992 889 1097 942 537
1133 908 1210 959 sq.
1245 892 1393 956 patet
1434 893 1483 941 et
1524 888 1751 940 resistere

108 967 229 1019 istos
262 967 269 1030 Ι
304 963 515 1018 Summo
561 965 651 1031 qui
686 964 848 1016 voluit
882 963 1027 1016 nobis
1064 963 1223 1016 bonus
1267 979 1382 1016 esse.
1421 961 1487 1030 L,
1532 960 1684 1013 Pitra
1723 978 1750 1012 e

109 1039 286 1092 codice
332 1039 464 1090 haec
510 1037 679 1090 dedit:
723 1041 919 1104 putant
962 1041 1010 1089 et
1052 1037 1277 1089 resistere
1322 1035 1558 1099 Summo,
1600 1039 1606 1099 Ι
1651 1034 1752 1100 Qui

108 1113 269 1166 voluit
286 1113 431 1165 nobis
454 1111 612 1164 bonus
634 1127 748 1164 esse.
824 1109 1220 1179 LeimbachiUS,
1260 1110 1351 1179 qui
1373 1111 1516 1162 recte
1539 1107 1752 1161 Summo

110 1198 157 1240 V.
195 1186 253 1238 in
297 1205 345 1239 V.
378 1185 484 1238 538
525 1183 826 1248 collocavit,
872 1186 999 1252 post
1034 1183 1285 1236 resistere
1320 1199 1472 1250 posse
1500 1181 1753 1248 coniecit,

106 1259 202 1311 sed
234 1276 298 1311 ex
327 1258 571 1327 proximo
597 1256 882 1309 ‘resistere'
907 1257 991 1309 Vel
1016 1275 1078 1308 ex
1104 1256 1464 1325 superscripto
1491 1254 1751 1307 eVenistis'

107 1332 322 1384 facilius
367 1333 490 1385 istos
533 1330 853 1400 pronomine
901 1330 1081 1383 addito
1127 1348 1342 1382 Versum
1388 1329 1494 1382 537
1545 1329 1754 1397 supple-

108 1425 246 1461 mus,
326 1410 557 1473 reputent
599 1422 651 1457 se
686 1405 913 1457 resistere
949 1404 1184 1468 Sumnw,
1229 1403 1235 1471 Ι
1280 1403 1382 1469 Qui
1425 1403 1587 1455 voluit
1621 1420 1672 1454 n.
1712 1402 1755 1454 b.

108 1479 344 1532 omnibus
381 1495 482 1531 esse
518 1477 582 1531 R.
626 1508 691 1514 —
732 1497 781 1530 V.
821 1477 943 1530 539.
981 1478 1112 1530 servi
1149 1478 1384 1530 cervicosi
1428 1478 1546 1530 setis
1582 1477 1756 1528 erectis

111 1551 178 1621 L,
217 1553 476 1605 cervicosis
512 1556 560 1604 et
594 1552 641 1604 is
677 1552 824 1604 rectis
862 1549 941 1620 M,
980 1552 1234 1619 cervicosi,
1274 1551 1410 1603 caeci
1446 1553 1494 1602 et
1528 1551 1675 1602 erecti
1696 1549 1756 1613 P,

113 1627 234 1692 ipsi,
288 1626 543 1688 cervicosi,
597 1625 730 1677 caeci
774 1629 822 1676 et
864 1625 1012 1677 erecti
1056 1623 1222 1676 Lbch.
1271 1655 1339 1661 —
1388 1643 1436 1676 V.
1483 1623 1606 1675 540.
1656 1623 1757 1688 Qui

109 1716 303 1766 semper
346 1700 590 1751 innocuos
635 1699 952 1767 cruciarunt,
999 1698 1101 1766 leye
1144 1698 1298 1750 vetati
1334 1696 1400 1765 P,
1445 1697 1571 1764 quid
1613 1714 1653 1749 s.
1698 1699 1758 1748 in

111 1789 264 1825 novos
294 1789 362 1824 cr.
388 1773 489 1840 Zeye
508 1773 674 1824 vitata
695 1770 774 1839 M3
814 1771 878 1823 de
905 1771 1079 1824 forma
1103 1769 1354 1824 ‘Vetatus'
1380 1770 1445 1823 cf.
1467 1769 1534 1824 It.
1557 1789 1608 1839 p.
1634 1770 1759 1823 296.

113 1876 182 1883 -
230 1864 277 1899 V.
309 1845 432 1899 543.
470 1846 692 1913 qualiter
735 1846 922 1897 iterum
959 1846 1242 1898 resurrexit
1276 1844 1337 1909 L,
1383 1844 1448 1897 de
1486 1844 1757 1896 locutione

113 1918 327 1971 ‘iterum
350 1917 659 1971 resurrexit'
685 1918 748 1971 cf.
764 1921 908 1971 retro
933 1919 1228 1987 respiciunt
1243 1918 1374 1987 426,
1406 1917 1546 1970 redit
1561 1918 1759 1970 iterum

115 1993 245 2061 822,
305 2010 492 2044 rursus
553 1992 814 2044 remeavit
875 1991 1006 2060 555,
1074 1993 1324 2044 resistere
1385 1994 1574 2044 contra
1634 1991 1757 2044 966.

113 2066 332 2133 qualiter
374 2067 653 2119 resurrexit
687 2064 765 2133 M,
819 2066 956 2132 qual.
1004 2065 1090 2118 ille
1109 2082 1220 2131 Ares.
1267 2064 1310 2117 P
1349 2065 1407 2116 in
1446 2082 1576 2132 exc„
1621 2065 1758 2131 qual.

114 2138 375 2192 Dominus
419 2140 755 2192 resurrexerit
796 2138 961 2191 Lbch.
1010 2169 1078 2175 —
1127 2157 1176 2191 V.
1214 2137 1337 2191 548.
1376 2138 1482 2205 ipse
1518 2137 1662 2190 Deus
1700 2136 1759 2207 L,

114 2213 231 2279 ipsu
269 2214 352 2266 det
386 2212 458 2282 M,
496 2214 603 2280 ipse
641 2214 758 2265 dein
787 2212 846 2264 P.
888 2242 952 2249 -
996 2231 1042 2265 V.
1083 2211 1206 2264 558.
1245 2213 1417 2264 accede
1443 2212 1663 2279 propius
1700 2210 1759 2280 P,

114 2303 213 2339 acc.
234 2288 483 2354 proprius
513 2285 571 2338 M
602 2317 674 2324 —
706 2290 969 2355 contanye,
1007 2285 1072 2338 cf.
1104 2287 1411 2353 contenere,
1450 2284 1760 2354 dispargere

117 2359 222 2411 alia
269 2379 351 2428 ap.
397 2359 462 2412 R.
507 2358 572 2412 It.
625 2379 675 2428 p.
722 2360 854 2427 4663
907 2358 1176 2427 recadere,
1229 2358 1464 2426 tradare,
1513 2358 1761 2427 reiacere,

116 2432 420 2502 infrangere
460 2433 567 2485 alia
606 2452 634 2485 6
675 2432 1024 2503 scriptoribus
1048 2433 1186 2485 med.
1209 2431 1521 2485 Latinitatis
1544 2431 1760 2484 Diezius

117 2505 173 2558 in
213 2505 299 2559 Gr.
337 2506 391 2559 II
428 2526 479 2575 p.
511 2507 620 2560 390
659 2505 763 2578 (ed.
795 2505 874 2578 II)
916 2506 1117 2560 attulit.
1159 2537 1223 2543 —
1265 2525 1312 2559 V.
1353 2505 1475 2558 561.
1513 2505 1765 2559 Extendit

111 2580 321 2647 palmas
357 2585 405 2633 et
440 2580 498 2647 L,
535 2581 786 2634 Extendit
810 2598 867 2648 p.
906 2585 991 2634 ast
1011 2579 1083 2649 M,
1121 2580 1354 2633 Extende
1382 2579 1624 2646 palmas!
1685 2579 1762 2631 At
1869 2611 1873 2614 -

120 2651 184 2704 R.
224 2683 294 2691 --
332 2673 382 2707 V.
423 2654 545 2707 562.
581 2655 758 2721 fuerat
792 2656 928 2722 quod
1019 2655 1187 2722 fixum
1224 2653 1284 2722 P,
1319 2653 1359 2719 f.
1397 2670 1442 2720 q.
1467 2693 1479 2705 .
1505 2694 1516 2705 .
1539 2654 1652 2720 lixa
1688 2652 1761 2705 M.

122 2742 172 2776 V.
210 2727 330 2780 563.
366 2744 470 2781 3636
507 2727 551 2780 Ρ
590 2728 648 2780 in
688 2729 822 2798 adn„
859 2745 912 2782 se
948 2726 1021 2781 M.
1074 2757 1136 2765 -
1186 2746 1234 2779 V.
1274 2726 1397 2779 567.
1435 2743 1565 2793 quae
1600 2727 1761 2779 saeclo

123 2799 351 2852 venirent
391 2800 458 2871 P,
504 2819 550 2869 q.
595 2803 791 2855 saecuto
837 2820 882 2854 v.
928 2800 1002 2853 M.
1050 2831 1120 2839 ——-
1166 2819 1215 2853 V.
1255 2800 1378 2853 577.
1425 2801 1654 2853 venerint
1690 2799 1762 2866 M,

122 2872 320 2925 venient
352 2872 417 2942 R,
456 2876 546 2945 qui
584 2893 727 2928 nunc
766 2877 994 2928 venerint
1028 2873 1277 2944 praefert.
1303 2905 1372 2911 —-
1396 2892 1446 2926 V.
1470 2873 1594 2926 578.
1643 2873 1762 2925 Ver-
