2020 3192
170 222 256 266 XII
805 222 1165 267 PRAEFATIO.

169 342 453 395 modianus
491 359 661 410 neque
700 341 795 394 alii
834 341 1146 410 scriptoreS,
1196 341 1286 410 qui
1325 342 1534 410 vulgari
1573 343 1809 395 sermoni

170 415 411 484 student,
448 415 671 468 nomina
710 414 878 467 subst.
916 413 1040 467 IVae
1080 414 1209 467 decl.
1249 414 1523 483 adamant,
1562 415 1626 468 of.
1657 413 1808 467 Neue

167 488 194 540 I
233 489 341 541 362
389 490 444 540 et
490 487 611 542 Ital.
649 487 773 541 261.
851 487 970 550 Qua
1015 488 1086 540 de'
1126 506 1286 540 eausa
1333 488 1571 540 dubitavi
1615 493 1808 557 poetae

167 562 490 614 vocabulum
514 561 775 615 eiusmodi
796 562 1090 626 vindicare,
1127 580 1227 630 pro
1252 579 1357 631 quo
1381 563 1616 630 monitae,
1657 579 1807 615 accu-

168 635 400 688 sativum
430 635 664 688 nominis
697 634 940 689 ‘monita’
975 633 1251 705 (monitio)
1277 635 1500 704 conieci3
1541 635 1606 688 of.
1629 635 1808 704 missa,

168 726 229 761 ae
276 727 324 762 v,
373 709 440 760 77
493 711 548 760 et
601 727 735 777 quae
781 708 831 761 R.
879 725 940 762 eo
979 709 1098 761 loco
1138 708 1434 761 adnotavit.
1508 708 1682 761 Adde:
1728 708 1806 760 la—

165 784 347 834 menta
385 779 772 852 (lamentatio),
810 799 989 851 caesa,
1027 782 1271 851 collect-a,
1307 783 1475 851 lucta,
1514 783 1681 850 elusa,
1720 781 1808 832 de-

165 855 349 924 sensa,
396 855 677 924 deprensa,
725 855 1000 924 dispensa,
1047 873 1280 923 expensa
1319 858 1442 924 ete„
1478 875 1526 908 v.
1564 855 1808 908 Pauoker

165 929 199 980 1.
237 929 271 981 1.
310 946 360 997 p.
403 929 473 981 70
506 947 619 998 sqq.
662 958 726 965 -—
771 931 944 982 eadem
980 930 1178 982 monita
1199 928 1265 996 P,
1303 945 1385 982 eos
1421 930 1645 982 monitus
1674 928 1718 980 P
1748 927 1807 979 in
1879 933 1881 935 ’

166 1019 290 1070 exo„
334 1003 507 1054 eadem
551 1003 725 1055 minus
760 1002 926 1054 Lbeh.
973 1032 1043 1039 —
1090 1021 1138 1054 v.
1180 1001 1263 1054 79.
1301 1003 1446 1055 modo
1483 1001 1562 1069 M,
1600 1002 1807 1054 modum

165 1074 224 1142 P,
264 1075 356 1127 sed
393 1075 450 1127 in
490 1093 598 1128 exe.
643 1076 790 1128 modo
835 1075 1073 1128 retinuit.
1116 1106 1178 1112 -—
1222 1076 1476 1142 delinquet
1515 1074 1688 1143 Lboh,
1732 1091 1807 1127 re-

166 1149 359 1215 linquet
399 1147 480 1211 M,
526 1149 739 1216 deliquit
782 1147 825 1200 P
871 1149 928 1201 in
967 1167 1098 1217 exo„
1137 1149 1384 1216 delinquit
1420 1148 1482 1200 R.
1523 1179 1593 1186 —-
1632 1167 1681 1201 v.
1720 1148 1806 1201 80.

163 1226 395 1274 mouetur
439 1220 505 1286 L,
557 1226 727 1274 mouet
769 1221 848 1291 M,
891 1226 1047 1290 paret
1089 1221 1260 1290 Lboh,
1315 1223 1406 1291 qui
1450 1240 1594 1274 nune
1640 1225 1810 1274 mouet

164 1295 419 1364 praefert3
459 1299 620 1348 movet
647 1295 710 1348 R.
753 1326 817 1332 ——
852 1315 901 1347 v.
934 1297 1019 1348 81.
1058 1296 1215 1348 dictos
1253 1296 1462 1348 obaudit
1488 1295 1560 1347 M.
1622 1295 1687 1347 cf.
1727 1312 1805 1363 ea,

166 1386 299 1436 quae
349 1368 417 1420 ad
453 1387 500 1420 v.
542 1369 609 1421 78
659 1368 722 1420 de
761 1369 986 1422 flexione
1025 1369 1304 1421 nominum
1340 1368 1465 1422 IV..
1512 1369 1641 1421 decl.
1681 1368 1805 1420 dixi.

163 1442 325 1494 dietus
378 1441 586 1494 obaudit
636 1441 679 1493 P
733 1442 790 1494 in
843 1442 1022 1495 adnot.
1076 1442 1324 1511 coniecit,
1385 1443 1514 1495 dieto
1567 1442 1808 1495 subaudit

162 1513 326 1567 Lboh.
380 1545 450 1553 —-
505 1533 647 1582 spero
699 1532 817 1569 reus
852 1533 959 1569 riori
1009 1520 1094 1570 est.
1169 1515 1236 1568 In
1289 1534 1532 1569 sermone
1593 1514 1805 1583 vulgari

164 1587 340 1640 verbis
381 1588 643 1641 sentiendi
688 1592 744 1641 et
782 1589 990 1641 dicendi
1028 1590 1357 1657 parataotioa
1393 1589 1601 1642 ratione
1641 1606 1802 1640 enun-

162 1661 300 1712 tiata
339 1661 724 1730 adiunguntur,
763 1680 898 1730 quae
936 1662 995 1714 in
1035 1662 1274 1714 oratione
1306 1663 1514 1715 urbana
1537 1663 1803 1713 structura

165 1751 270 1786 ace.
333 1752 374 1786 e.
435 1734 531 1786 inf.
594 1734 835 1787 adhibita
896 1735 1150 1804 subiungi
1212 1735 1417 1804 solent,
1471 1734 1537 1787 of.
1589 1734 1803 1786 Petron.

163 1807 259 1859 38:
302 1807 457 1876 scitO,
497 1807 605 1860 olla
642 1808 828 1861 fervet.
883 1808 951 1860 57
995 1826 1150 1876 spero
1193 1809 1268 1861 sic
1308 1809 1522 1862 moriar.
1551 1838 1611 1845 —
1642 1827 1690 1860 v.
1716 1809 1801 1861 82.

162 1877 462 1933 Contrarios
505 1884 676 1933 autem
708 1882 886 1949 perdit
927 1899 1025 1934 sua
1069 1883 1177 1934 vita
1220 1883 1457 1949 superbos
1501 1882 1545 1934 P
1590 1882 1647 1933 in
1694 1899 1802 1933 exo.

163 1952 328 2021 dedit,
381 1955 671 2007 contrarius
714 1959 883 2007 autem
918 1956 1095 2022 perdit
1136 1972 1232 2008 sua
1282 1956 1390 2008 vita
1441 1955 1686 2023 superbus
1731 1953 1802 2022 M,

82 2026 84 2028 ’
162 2025 465 2080 Coum-arius
504 2067 516 2078 .
556 2069 566 2080 .
595 2029 772 2095 perdit
821 2046 971 2081 suam
1022 2030 1181 2081 vitam
1234 2030 1474 2097 superbus
1526 2028 1690 2082 Lbch.
1727 2058 1800 2065 —

160 2118 207 2152 v.
248 2101 331 2152 83.
370 2101 460 2167 qui
487 2101 644 2168 prius
679 2103 859 2155 rescivi
895 2101 1058 2166 Lboh,
1095 2120 1140 2169 q.
1169 2121 1253 2170 pr.
1293 2120 1345 2156 es
1381 2105 1509 2157 soivi
1544 2104 1617 2170 M,
1655 2121 1700 2170 q.
1714 2121 1800 2170 pr.
1837 2167 1840 2171 ι

159 2177 207 2224 et
242 2174 367 2226 scivi
402 2173 467 2226 R.
513 2204 583 2212 —
630 2194 679 2227 v.
719 2176 804 2229 86.
846 2175 973 2241 Quis
1010 2175 1088 2245 M,
1130 2176 1231 2242 Qui
1267 2175 1330 2229 R.
1371 2207 1438 2214 —
1479 2196 1528 2230 v.
1568 2178 1653 2231 87.
1681 2181 1805 2243 post
1841 2171 1852 2181 ⁸

156 2246 353 2310 factum
390 2248 691 2314 amobetur
719 2248 763 2300 P
799 2249 858 2302 in
896 2267 1019 2318 exe„
1046 2254 1168 2316 post
1198 2249 1331 2315 facit
1365 2267 1510 2317 appr.
1541 2250 1613 2318 M,
1643 2254 1803 2316 prout

156 2319 305 2387 facit,
351 2337 497 2387 appr.
543 2320 586 2372 P
633 2322 690 2374 in
735 2325 987 2375 contextu
1034 2323 1272 2390 dederat,
1311 2327 1433 2389 post
1472 2323 1616 2388 faeta
1651 2339 1796 2389 appr.

158 2391 307 2444 Lboh
359 2394 415 2446 in
469 2394 759 2464 dissertat„
814 2395 908 2447 sed
952 2413 1095 2447 nune
1131 2399 1252 2461 post
1291 2397 1433 2461 faeta
1480 2394 1567 2464 (ex
1613 2393 1796 2464 factis)

148 2466 392 2531 probetur
446 2467 784 2519 scribendum
837 2470 1031 2520 censet.
1095 2498 1163 2504 —
1225 2485 1272 2520 v.
1328 2469 1414 2521 90.
1467 2470 1672 2521 nomine
1725 2468 1797 2537 M,

156 2539 383 2591 nominis
405 2538 464 2591 P.
496 2571 565 2577 —
597 2559 645 2594 v.
685 2541 772 2593 93.
808 2541 907 2593 sibi
942 2542 1048 2594 solo
1071 2541 1152 2609 M,
1189 2541 1288 2593 sibi
1322 2542 1421 2594 soli
1458 2541 1516 2609 P,
1552 2543 1658 2595 solo
1690 2542 1795 2594 dat.

159 2611 322 2662 etiam
379 2613 482 2665 106
535 2614 753 2682 legitur:
809 2614 924 2666 solo
974 2612 1089 2667 Deo
1143 2616 1300 2682 nota3
1356 2614 1421 2667 of.
1474 2613 1595 2667 Uno
1643 2615 1794 2668 crede

157 2682 271 2736 Deo
304 2683 462 2737 Instr.
506 2687 559 2755 1,
598 2687 690 2752 33,
730 2687 788 2755 93
827 2687 928 2739 vid.
952 2685 1103 2739 Neue
1134 2687 1188 2739 II
1212 2706 1263 2755 p.
1287 2688 1409 2757 253,
1447 2687 1567 2740 Ital.
1597 2707 1647 2756 p.
1672 2689 1794 2740 276.

163 2786 223 2793 -
267 2775 315 2809 v.
348 2757 419 2810 95
461 2777 536 2826 sq.
576 2776 884 2826 componere,
922 2761 1085 2828 siquis
1114 2760 1295 2827 Iynem
1326 2760 1390 2829 R,
1428 2779 1583 2828 comp.
1615 2763 1792 2830 siquis,

156 2829 335 2896 Iyriem
388 2830 454 2898 P,
507 2848 815 2899 componere,
869 2834 1038 2900 diyuis
1090 2834 1271 2902 Iyuem
1320 2833 1389 2886 H.
1481 2834 1793 2904 „Excidisse
