2020 3192
45 316 49 323 -
47 283 54 303 ψ
34 0 83 236 4⁵·“rwq

609 185 862 230 OARMEN
893 184 1381 230 APOLOGETICVM.
1743 189 1807 239 17

167 305 318 359 Haec
355 323 500 359 nova
538 307 663 357 sunt
699 303 857 357 hodie
898 305 996 357 sub
1035 307 1222 358 nostra
1258 306 1376 375 lege
1416 306 1672 375 profecta,

173 379 327 442 Quod
366 381 554 449 gentes
593 379 652 430 in
692 376 911 431 Christo
951 378 1214 431 credimus
1255 396 1319 430 ex
1352 379 1492 432 dicto
1532 379 1752 449 Moysis,

170 452 270 506 Ille
309 453 442 506 duos
480 452 710 522 populos
748 451 1087 520 praedixerat
1125 469 1239 504 esse
1278 452 1503 520 futurOS‚

48 575 50 577 ,
169 526 245 579 Et
283 526 498 596 quidem
537 525 801 578 minorem
839 526 1100 594 populum
1137 526 1457 593 praecellere
1497 526 1644 579 dixit.

48 637 50 641 .
80 615 150 648 585
175 598 276 654 Sed
317 600 409 653 isti
446 598 718 668 nequitiae
757 599 906 666 pleni
944 599 1055 650 iam
1094 599 1372 667 desperato
1413 599 1618 652 furore:

169 673 318 726 Haec
356 673 514 726 nobis
555 674 638 724 est
676 672 803 724 data
840 672 947 736 lex,
996 671 1202 740 dicunt,
1241 690 1336 724 vos
1374 672 1513 724 unde
1553 673 1814 726 venistis?

172 747 229 801 Si
266 747 426 800 nobis
465 745 765 813 obsistunt,
802 747 953 814 patet
992 747 1047 797 et
1083 745 1332 797 resistere
1371 746 1504 799 istos

29 864 48 883 ,.
171 819 414 884 SummO,
454 819 546 888 qui
583 819 755 872 voluit
791 819 950 872 nobis
989 819 1164 872 bonus
1196 837 1335 885 besse.
1411 818 1525 872 Nec
1564 819 1695 872 illud

19 886 33 946 ἰ
169 893 487 963 Respiciunt
526 893 667 946 servi
706 892 985 960 cervicosi,
1026 893 1155 945 setis
1195 893 1408 961 erectis3

28 950 34 1048 Ι
79 982 147 1015 540
171 967 275 1030 Qui
315 985 524 1035 semper
560 967 820 1019 innocuos
861 966 1189 1034 cruciarunt,
1227 966 1344 1035 lege
1383 966 1567 1035 vetati,

29 1050 32 1055 ’
171 1039 258 1094 Sic
296 1039 413 1094 Deo
451 1040 718 1108 fecerunt,
758 1039 901 1108 quod
941 1042 1097 1092 erant
1135 1040 1398 1107 consueti,
1438 1040 1690 1110 crudeleS,

169 1114 244 1168 Et
282 1114 421 1167 filios
461 1131 577 1167 sese
617 1113 815 1166 audent
854 1113 1026 1165 adhuc
1066 1113 1236 1165 dicere
1277 1111 1497 1165 Summi.

279 1187 399 1240 Iam
437 1187 667 1256 qualiter
704 1187 900 1239 iterum
938 1186 1251 1253 resurrexit,
1293 1204 1456 1254 supra
1493 1187 1693 1257 notavi,

169 1260 298 1314 Non
336 1260 399 1313 de
438 1278 568 1313 voce
607 1277 748 1330 mea,
789 1260 883 1324 sed
923 1259 1067 1312 dicta
1102 1259 1419 1328 prophetica
1458 1260 1581 1312 dixi.

79 1348 148 1382 545
170 1334 518 1388 Praedixerat
556 1337 736 1386 autem
776 1333 1050 1401 discipulis
1089 1335 1280 1386 cuncta
1319 1332 1381 1385 de
1422 1351 1558 1399 sese,

172 1408 414 1471 Qualiter
453 1426 486 1460 a
523 1407 722 1476 populo
760 1408 1035 1475 pateretur
1071 1406 1234 1459 Petro
1273 1410 1506 1476 negante

170 1479 246 1535 Et
285 1482 410 1551 quia
449 1481 517 1532 de
550 1479 773 1533 tumulis
813 1483 1119 1549 resurgeret
1156 1479 1316 1532 tertio
1357 1479 1454 1532 die.

170 1555 418 1623 Dixerat,
460 1558 514 1606 et
550 1555 671 1622 ipse
704 1552 851 1606 Deus
892 1553 1179 1621 complevit
1219 1553 1402 1605 omnia
1440 1553 1595 1606 dicta.

171 1627 248 1680 At
285 1628 381 1680 ubi
421 1628 674 1695 surrexit,
713 1627 861 1679 venit
901 1627 968 1678 ad
1007 1627 1280 1694 apostolos
1319 1626 1434 1694 ipse

26 1722 32 1770 j
82 1715 149 1748 550
171 1700 247 1753 Et
287 1700 440 1753 stetit
477 1701 585 1753 illis
625 1700 683 1752 in
722 1700 918 1753 medio:
958 1699 1074 1752 Pax
1112 1700 1290 1768 vobiS,
1327 1700 1516 1768 inquit.

170 1774 320 1827 Inter
358 1772 650 1842 discipulos
689 1792 800 1826 non
840 1773 1012 1826 adfuit
1050 1791 1187 1826 unus
1228 1775 1465 1843 orantes3

27 1898 30 1919 ,
172 1846 272 1901 Oui
311 1866 432 1900 cum
470 1847 757 1916 referrent,
799 1847 1099 1900 discredere
1138 1847 1316 1915 coepit
1354 1849 1408 1898 et
1448 1846 1619 1900 addit:

19 1937 26 1972 ε
59 1925 65 1930 ”
174 1920 231 1974 Si
271 1922 419 1989 prius
458 1939 572 1974 non
611 1921 840 1990 digitum
879 1921 1090 1990 misero,
1133 1920 1226 1972 ubi
1266 1920 1404 1972 clavi
1442 1920 1660 1972 fuerunt

22 2059 23 2062 Ἴ
54 2000 58 2007 ’
174 1993 288 2046 Aut
325 1995 419 2047 ubi
456 2012 740 2063 percussus
782 1994 845 2047 de
884 1994 1096 2063 lancea,
1134 2011 1248 2046 non
1286 2011 1386 2063 ego
1427 1993 1599 2046 credo,

21 2068 29 2105 ι’
65 2082 149 2115 v555
174 2067 324 2120 Tunc
363 2067 446 2120 die
485 2066 772 2120 Dominica
809 2085 995 2119 rursus
1036 2067 1294 2119 remeavit
1333 2066 1400 2118 ad
1438 2067 1561 2119 illos

172 2141 248 2194 Et
287 2141 438 2194 stetit
476 2141 586 2193 illis
625 2142 683 2193 in
722 2141 924 2194 medio:
963 2137 1076 2192 Pax
1115 2140 1268 2193 vobis
1276 2182 1290 2208 ,
1329 2140 1518 2208 inquit.

172 2214 248 2268 Et
287 2215 472 2267 statim
512 2214 821 2284 adgreditur
859 2214 1123 2267 Thomam
1163 2213 1498 2266 incredulum
1537 2214 1708 2266 illum:

174 2287 385 2341 Accede
423 2289 646 2357 propius
687 2290 741 2340 et
780 2290 1047 2358 contange
1086 2305 1279 2355 corpus
1319 2290 1380 2339 ut
1420 2289 1560 2338 ante.

173 2359 303 2414 Non
342 2379 442 2431 ego
484 2381 603 2415 sum
641 2362 853 2431 umbra,
891 2364 1228 2414 mortuorum
1268 2359 1442 2431 qualis
1480 2360 1731 2413 habetur:

22 2505 23 2508 Ἴ
84 2449 154 2482 560
176 2435 485 2505 Vestigium
527 2436 718 2490 umbra
756 2454 866 2488 non
905 2435 1061 2505 facit3
1103 2434 1382 2487 considera
1420 2433 1629 2486 vulnus.

175 2508 436 2562 Extendit
473 2510 685 2578 palmas
725 2513 780 2562 et
818 2510 906 2561 ille
945 2513 1167 2578 tangere
1207 2508 1386 2577 coepit

176 2581 252 2635 Et
289 2601 509 2635 manum
547 2583 605 2635 in
642 2583 834 2651 latere,
872 2583 1053 2636 fuerat
1091 2582 1231 2651 quod
1270 2582 1456 2633 lancea
1494 2581 1658 2633 fixum
1668 2622 1682 2646 ‚

177 2655 330 2708 Misit
369 2659 427 2709 et
463 2657 651 2710 exinde
688 2657 988 2726 prostravit
1028 2673 1142 2709 sese
1180 2655 1462 2724 precandO.

178 2727 329 2781 Haec
368 2730 494 2799 quia
531 2730 743 2800 vidisti,
783 2730 1081 2797 credidisti3
1122 2729 1215 2782 sed
1254 2729 1333 2780 illi
1371 2728 1555 2780 felices

91 2812 158 2848 565
183 2800 419 2871 Posteri,
458 2804 549 2872 qui
588 2804 813 2857 credunt
852 2804 1034 2858 audito
1073 2803 1292 2856 nomine
1330 2805 1558 2854 tantum.

262 2895 531 2929 Commodiani
554 2898 676 2932 carm.
699 2899 797 2938 apol.
1442 2893 1467 2931 2
