2020 3192
271 159 343 212 14
708 182 712 186 ·
900 157 1297 204 COMMODIANI

269 280 600 349 Respiciunt.
679 278 835 333 Certe
877 279 1059 332 omnia
1098 297 1260 347 supra
1299 278 1441 331 dicta
1479 279 1719 331 rebelles,

271 354 414 419 Scite
454 353 583 422 quid
621 356 922 422 opponunt,
964 371 1082 406 cum
1120 370 1205 405 res
1235 355 1347 405 tam
1381 355 1563 421 aperte
1596 352 1840 406 dicatur?

269 428 465 482 Videte
503 428 614 479 iam
654 445 805 497 ergo,
846 427 996 479 dubii
1034 426 1126 495 qui
1163 444 1306 479 nunc
1346 444 1514 495 usque
1551 427 1775 495 nutatiS,

179 516 247 549 430
272 502 427 565 Quod
465 503 653 571 gentes
691 501 751 553 in
781 501 1005 554 Domini
1041 499 1243 553 fuerint
1282 501 1546 569 scriptura
1576 501 1801 569 priores.

271 574 428 631 Nunc
470 592 596 645 ergo
637 575 721 628 fas
761 575 811 627 ei
849 575 1083 643 credere,
1122 592 1280 643 quem
1319 574 1444 627 libri
1484 575 1784 644 designant,

269 647 397 702 Non
434 649 592 702 idolis
632 649 808 717 vaniS,
848 667 983 718 quae
1021 648 1223 701 frustra
1261 666 1360 717 pro
1399 649 1512 702 vita
1551 650 1815 717 coluntur,

269 722 384 776 Nec
422 723 544 775 istis
584 723 808 792 adiungi
845 723 1181 791 voluptuosis
1222 725 1276 774 et
1316 723 1431 775 sine
1469 723 1640 792 freno,

272 796 375 859 Qui
406 797 579 866 magis
612 797 850 849 luxurias
885 796 1117 866 diligunt
1148 814 1308 864 quam
1341 795 1546 849 Summi
1578 800 1879 865 praecepta.

179 884 246 916 435
381 868 511 922 Non
549 873 631 922 est
669 871 826 938 culpa
866 870 998 922 satis
1037 870 1104 922 iis
1144 888 1275 937 una,
1316 870 1407 938 qui
1437 870 1647 922 credere
1679 871 1888 940 nolunt,

271 941 375 996 Sed
413 944 588 1013 magis
627 943 914 996 infamant:
954 943 1021 995 In
1058 945 1280 1011 puteum
1318 943 1562 995 misimus
1600 944 1769 997 illum.

272 1016 610 1086 Quapropter
651 1020 705 1069 et
742 1016 1007 1070 Dominus
1046 1015 1356 1086 indignatus
1394 1017 1596 1086 iurgiat
1631 1017 1776 1070 illos:

270 1090 500 1159 Propter
535 1108 631 1144 vos
670 1108 870 1143 nomen
907 1109 1086 1143 meum
1125 1090 1533 1158 blasphematur
1562 1090 1622 1143 in
1652 1091 1917 1161 gentibUS,

1091 1164 1280 1233 inquit.

269 1236 571 1290 Dimissum
602 1238 659 1289 in
690 1240 912 1305 puteum
943 1255 1066 1290 vere
1099 1255 1316 1307 surgere
1349 1255 1511 1307 quare
1545 1238 1841 1291 clamatur?

179 1325 246 1357 440
268 1310 464 1363 Inferis
474 1353 488 1380 ,
527 1310 782 1380 Domine,
823 1311 1060 1363 animam
1099 1329 1275 1364 meam
1313 1312 1640 1380 imposuisti:

267 1385 388 1453 Ego
430 1385 677 1453 dormivi,
719 1385 817 1453 ait,
858 1388 912 1436 et
951 1403 1200 1437 somnum
1240 1386 1358 1454 cepi
1398 1403 1638 1454 securus3

267 1458 485 1511 Auxilio
523 1457 746 1511 Domini
787 1459 1014 1527 surrexi,
1052 1459 1132 1511 nil
1170 1458 1302 1511 mali
1339 1477 1549 1527 passus,

266 1530 343 1584 Et
380 1532 576 1584 iterum
616 1532 767 1584 dicit:
808 1531 874 1584 In
912 1531 1180 1584 infernum
1218 1550 1329 1585 non
1368 1532 1702 1601 derelinques

266 1604 383 1658 Nec
422 1605 575 1658 dabis
617 1607 863 1658 sanctum
902 1608 1057 1658 tuum
1095 1606 1375 1658 interitum
1416 1624 1625 1674 quoque
1649 1607 1841 1661 videre.

177 1692 244 1724 445
267 1678 372 1730 Hic
411 1696 710 1746 personans
751 1678 848 1730 ait:
887 1678 991 1730 Fili
1029 1679 1350 1747 prophetae,
1390 1679 1632 1731 ascendo.

265 1751 343 1804 Ut
366 1750 663 1804 Dominum
702 1751 875 1804 dicam
913 1770 1133 1820 passum
1171 1771 1268 1820 pro
1309 1753 1518 1804 miseris
1559 1771 1840 1822 summum,

265 1825 341 1877 Et
378 1825 435 1877 in
473 1826 612 1878 libro
652 1826 982 1894 psalmorum
1022 1826 1086 1878 de
1125 1825 1345 1878 Domini
1384 1828 1555 1878 morte
1595 1827 1869 1880 clamatur.

265 1897 392 1952 Non
430 1899 485 1951 id
522 1899 606 1951 illi
643 1902 839 1968 putant
877 1898 1052 1952 David
1090 1899 1154 1951 de
1196 1917 1250 1952 se
1290 1899 1409 1966 ipso
1450 1899 1662 1967 referre,
1758 1912 1761 1915 ’

267 1972 379 2025 Aut
419 1973 466 2025 si
503 1975 700 2041 putant
739 1972 894 2041 illud,
935 1975 1241 2042 congruunt
1271 1973 1544 2041 universa,
1576 1991 1710 2042 quae
1742 1972 1912 2026 dixit?

176 2060 243 2093 450
265 2045 393 2099 Non
432 2049 516 2099 est
553 2046 860 2116 flagellatus
899 2046 1076 2099 David
1113 2047 1212 2100 nec
1249 2064 1402 2099 011100
1439 2047 1661 2099 levatus,

268 2119 443 2182 Quid?
519 2119 904 2173 Vaticinantur
940 2120 1124 2172 Iudaei
1163 2138 1312 2173 more
1353 2118 1608 2173 Saturni?

264 2192 331 2245 In
368 2193 583 2247 fabulas
623 2196 844 2262 coeunt,
885 2211 1005 2247 cum
1044 2194 1155 2246 iam
1195 2193 1491 2246 declinetur
1529 2194 1587 2245 in
1625 2192 1756 2246 illo?

265 2265 392 2319 Non
430 2268 585 2336 quasi
624 2267 925 2320 maleficum
964 2268 1251 2336 alapantur
1289 2285 1442 2320 cruce
1482 2266 1753 2318 levatum?

265 2339 483 2409 InsciiS,
521 2341 777 2409 indoctis,
815 2341 1195 2410 ignorantibus
1235 2341 1372 2393 talia
1409 2340 1643 2408 fingunt:

175 2427 242 2459 455
267 2413 398 2475 Quis
430 2414 576 2466 Deus
616 2417 698 2466 est
735 2414 848 2482 ille,
889 2433 1049 2482 quem
1079 2432 1180 2466 nos
1213 2413 1356 2466 011101
1387 2412 1634 2464 fiximus?
1682 2412 1834 2465 aiunt

265 2486 528 2540 Nolentes
567 2488 831 2555 respicere
872 2487 1162 2555 scripturas
1172 2527 1186 2555 ,
1225 2485 1383 2539 corde
1422 2485 1636 2538 caecati.

375 2560 515 2614 Ecce
555 2561 700 2613 canit
737 2560 874 2614 alius
913 2563 1160 2628 repetens
1198 2559 1495 2628 iterumque
1533 2558 1813 2627 propheta,

267 2629 431 2686 Cuius
471 2651 600 2687 voce
637 2636 821 2687 tamen
857 2634 1109 2687 titulatur
1145 2633 1271 2686 talis
1313 2632 1538 2685 edictus:

264 2705 421 2759 Nunc
460 2724 766 2777 exsurgam,
806 2707 884 2759 ait
921 2707 1209 2776 Dominus,
1247 2724 1389 2758 nunc
1428 2705 1774 2774 clarificabor,

173 2794 242 2827 460
264 2778 423 2834 Nunc
461 2781 760 2851 exaltabor,
796 2781 1056 2834 humilem
1095 2799 1253 2850 quem
1293 2782 1417 2832 ante
1454 2778 1693 2848 vidistis3
