2020 3192
163 729 738 793 COMMODIANI
783 729 1034 790 EPISO
1049 730 1193 789 OPI
1239 730 1674 792 AFRICANI

429 833 771 893 OARMEN-
793 832 1410 893 APOLOGETIOVM

306 963 695 1018 ADVERSVS
734 962 1056 1017 IVDAEOS
1095 963 1192 1016 ΕΤ
1233 951 1535 1018 GENTES.

0 1087 11 1184 Ξ
95 1112 227 1175 Quis
265 1113 465 1181 poterit
502 1131 669 1164 unum
708 1112 924 1179 proprie
956 1110 1131 1163 Deum
1168 1128 1329 1163 nosse
1362 1111 1646 1182 caelorum,

0 1186 11 1303 k
57 1208 66 1214 ’
95 1186 228 1248 Quis
266 1187 371 1238 nisi
411 1203 569 1255 quem
609 1185 891 1237 sustulerit
928 1185 996 1236 ab
1038 1202 1216 1236 errore
1254 1184 1526 1237 nefando?

93 1259 360 1312 Errabam
397 1260 620 1329 ignarus
661 1259 927 1327 spatianS‚
968 1275 1063 1326 spe
1103 1260 1294 1326 captus
1333 1258 1497 1310 inani.

0 1305 8 1388 l
94 1332 240 1386 Dum
278 1334 427 1386 furor
468 1332 660 1384 aetatis
699 1332 906 1400 primae
945 1350 1030 1383 me
1068 1331 1326 1399 portabat
1363 1332 1421 1383 in
1460 1350 1632 1401 auraS‚

0 1422 2 1466 ξ
50 1421 72 1454 5
95 1406 223 1460 Plus
249 1425 395 1459 eram
421 1425 581 1475 quam
605 1406 759 1474 palea
781 1405 971 1472 levior3
997 1406 1151 1473 quasi
1177 1407 1394 1457 centum
1418 1405 1670 1458 adessent

92 1480 160 1533 In
188 1480 427 1532 humeris
459 1480 651 1547 capita,
684 1479 762 1531 sic
792 1495 1047 1546 praeceps
1081 1496 1414 1547 quocumque
1444 1479 1669 1533 ferebar.

0 1576 18 1624 ς
93 1553 222 1606 Non
261 1554 416 1605 satis,
456 1553 541 1604 his
581 1553 740 1605 rebus
781 1551 1066 1604 criminose
1107 1551 1333 1620 denique
1373 1570 1579 1605 mersus

93 1626 271 1679 Paene
309 1627 396 1682 fut
428 1627 605 1678 factus
644 1626 839 1677 herbas
879 1625 1207 1677 incantando
1248 1625 1528 1694 malignas.

97 1698 201 1751 Sed
239 1700 444 1769 gratias
478 1698 711 1751 Domino
745 1729 816 1736 -—-
847 1716 946 1750 nec
979 1699 1177 1750 sufficit
1211 1717 1314 1751 vox
1347 1717 1469 1752 mea
1498 1702 1714 1756 tantum

0 1785 72 1820 ιιο
93 1771 334 1824 Reddere
378 1802 439 1809 —
485 1773 576 1840 qui
615 1772 811 1824 misero
850 1772 1131 1824 vacillanti
1169 1772 1388 1824 tandem
1427 1773 1654 1827 adluxit!

92 1846 504 1916 Adgressusque
544 1846 623 1898 fui
660 1846 860 1898 tradita
897 1846 955 1897 in
995 1846 1174 1899 codice
1213 1846 1366 1915 legis,

97 1919 238 1982 Quid
275 1920 352 1972 ibi
390 1920 656 1972 rescirem.
734 1918 932 1971 Statim
972 1919 1107 1971 mihi
1145 1919 1400 1988 lampada
1437 1920 1614 1990 fulsit3

97 1993 248 2045 Tunc
287 2011 409 2044 vere
450 1993 680 2062 cognovi
710 1992 886 2044 Deum
924 2011 1090 2044 unum
1133 2011 1401 2045 summum
1439 1993 1497 2045 in
1529 1995 1670 2063 altis,

95 2066 171 2118 Et
207 2065 326 2118 ideo
366 2066 504 2118 tales
543 2066 733 2119 hortor
772 2066 839 2118 ab
880 2084 1058 2118 errore
1098 2067 1365 2119 recedant.

0 2136 73 2187 '15
97 2138 227 2201 Quis
266 2140 457 2192 melior
493 2139 728 2192 medicus
765 2139 872 2191 nisi
910 2157 1099 2207 passus
1138 2140 1364 2192 vulnera
1401 2140 1608 2193 victor?

207 2212 367 2265 Multi
406 2213 619 2282 quidem
658 2213 803 2265 bruti
843 2216 896 2265 et
934 2213 1134 2282 ignoti,
1175 2213 1332 2265 corde
1372 2214 1551 2283 sopiti,

97 2285 192 2339 Nil
233 2287 335 2338 sibi
373 2290 687 2355 proponunt
726 2303 1068 2356 cognoscere3
1109 2304 1256 2339 more
1294 2287 1469 2339 ferino

19 2384 21 2386 ·
97 2359 399 2429 Quaerunt,
424 2361 564 2430 quod
587 2360 805 2428 rapiant
828 2363 922 2412 aut
945 2378 1169 2429 quorum
1195 2360 1509 2429 sanguinem
1536 2361 1744 2430 bibant,

95 2431 400 2486 Dummodo
439 2434 710 2487 laetentur
750 2434 985 2504 saginati
1023 2434 1200 2486 vivere
1240 2434 1403 2502 porci.

29 2521 74 2555 20
94 2505 388 2576 Ingemunt
427 2507 494 2559 ad
524 2508 790 2562 tumulum
823 2507 1066 2577 sepulcri,
1096 2510 1212 2560 tum
1245 2508 1396 2560 diviti
1426 2508 1686 2576 plaudent

96 2579 494 2650 Mutabuntque
533 2599 795 2651 pauperes
834 2585 1009 2634 vestes
1049 2584 1103 2635 et
1139 2582 1500 2634 fastidientur.

101 2652 382 2707 Sufficeret
419 2654 529 2707 illis
569 2656 775 2726 utique,
815 2656 957 2726 quod
996 2656 1299 2724 promptius
1342 2655 1528 2725 edunt3

102 2724 161 2779 Si
200 2729 319 2795 quis
359 2731 441 2781 est
480 2729 671 2797 opibus
713 2730 817 2782 sibi
855 2730 999 2782 visus
1041 2727 1267 2781 Caesare
1307 2729 1517 2798 dignus,

100 2798 242 2861 Quid
281 2819 377 2853 sua
414 2803 699 2871 praeponit
734 2803 948 2873 fragilis
986 2821 1085 2856 nec
1123 2803 1341 2871 respicit
1378 2802 1586 2856 ullum?

190 2894 242 2926 Co
221 2903 341 2927 oomm
320 2895 408 2928 oida
409 2895 450 2928 ni
474 2895 643 2932 Damna
620 2906 691 2937 apo
670 2897 718 2931 ol.
1366 2893 1389 2932 1
